[gd_scene load_steps=15 format=2]

[ext_resource path="res://assets/images/rk45_color.png" type="Texture" id=1]
[ext_resource path="res://assets/images/icons/pencil_w.png" type="Texture" id=2]
[ext_resource path="res://assets/themes/default/default_LineEdit.theme" type="Theme" id=3]
[ext_resource path="res://Logic/EverGreen/ECS/Entities/BecomeEntity.gd" type="Script" id=4]
[ext_resource path="res://Logic/EverGreen/ECS/Components/UserInterface/LineEdit/VirtualKeyboard/v1/UI_LineEdit_VirtualKeyboard_Component_v1.tres" type="Resource" id=5]
[ext_resource path="res://Logic/EverGreen/ECS/Systems/SubSystems/UserInterface/LineEdit/VirtualKeyboard/v1/UI_LineEdit_VirtualKeyboard_SubSystem_v1.tres" type="Resource" id=6]
[ext_resource path="res://assets/themes/tempRecoil.tres" type="Theme" id=7]
[ext_resource path="res://Logic/scenes/MainScreens/Multiple/GridInScrollContainer.gd" type="Script" id=8]
[ext_resource path="res://scenes/Global/TitleLabel.tscn" type="PackedScene" id=9]
[ext_resource path="res://assets/images/muzzle_flash_w.png" type="Texture" id=10]

[sub_resource type="GDScript" id=1]
script/source = "extends ReferenceRect

var connect_status
var gun_connection_status

func _ready():
    connect_status = get_node(\"VBoxContainer/VBoxContainer2/ConnectionStatus\")
    PM.Settings.Session.connect(PM.Settings.Session.monitor_data(\"fi_laser_is_connected\"), self, \"connection_status\")
    #size of scrollcontainer slide
    get_node(\"VBoxContainer/VBoxContainer/VBoxContainer2/ScrollContainer\").get_v_scrollbar().rect_min_size.x = 50

func _on_Connect_pressed():
    controls_visible(false)
    connect_status.text = \"Connecting.  Please wait...\"
    var weapon_name = get_node(\"VBoxContainer/VBoxContainer/VBoxContainer2/HBoxContainer/WeaponName\").text
    PM.FreecoiLInterface.connect_to_highlighted_laser_gun(weapon_name)
    var max_wait_countdown = 30 # 30 thenths of a second or 3 seconds.
    var success = false
    while true:
        yield(PM.get_tree().create_timer(0.1), \"timeout\") 
        if gun_connection_status == 2:
            success = true
            break
        elif max_wait_countdown <= 0:
            break
        else:
            max_wait_countdown -= 1
    if success:
        yield(PM.get_tree().create_timer(1), \"timeout\") 
        _on_Fire_pressed()
        connect_status.text = \"Weapon Connected. Press Fire to Verify.\"
    else:
        connect_status.text = \"UNable to connect to the Weapon. Try again?\"
    controls_visible(true)

func _on_Fire_pressed():
    var fi_laser_is_connected = PM.Settings.Session.get_data(\"fi_laser_is_connected\")
    var fi_laser_recoil = PM.Settings.Session.get_data(\"fi_laser_recoil\")
    if fi_laser_is_connected == 2:
        if fi_laser_recoil == 1:
            PM.FreecoiLInterface.fire_weapon(PM.Settings.Session.get_data(\"fi_laser_id\"))
        else: #Cycle the recoil if it doesn't happen with firing
            PM.FreecoiLInterface.recoil_weapon(PM.Settings.Session.get_data(\"fi_laser_id\"))
        get_node(\"GunImage\").position.x = 330
        get_node(\"MuzzleflashImage\").visible = true
        yield(PM.get_tree().create_timer(0.5), \"timeout\")
        get_node(\"MuzzleflashImage\").visible = false
        get_node(\"GunImage\").position.x = 300

func _on_Disconnect_pressed():
    controls_visible(false)
    PM.Settings.Session.set_data(\"fi_weapon_highlighted\",\"\") #Keeps disconnected weapon from showing up as pre-selected if turned back on
    connect_status.text = \"Disconnecting recoil weapon.\"
    PM.FreecoiLInterface.weapon_off(PM.Settings.Session.get_data(\"fi_laser_id\"))
    yield(PM.get_tree().create_timer(2), \"timeout\")

    connect_status.text = \"Re-initiating Bluetooth functionality.  Please wait...\"
    PM.FreecoiLInterface.stop_bt_scan()
    PM.FreecoiLInterface.disable_bluetooth()
    yield(PM.get_tree().create_timer(1), \"timeout\")
    PM.FreecoiLInterface.enable_bluetooth()
    yield(PM.get_tree().create_timer(4), \"timeout\")
    PM.Settings.Session.set_data(\"fi_laser_is_connected\",0)
    PM.FreecoiLInterface.start_bt_scan()
    controls_visible(true)

func _on_PlayWithout_pressed():
    PM.Settings.Session.set_data(\"ProgramManager_state_trigger\", \"Continue\")

func _on_Continue_pressed():
    PM.Settings.Session.set_data(\"ProgramManager_state_trigger\", \"Continue\")

func controls_visible(switch):
    get_node(\"VBoxContainer/VBoxContainer\").visible = switch
    get_node(\"VBoxContainer/VBoxContainer2/HBoxContainer\").visible = switch
    get_node(\"VBoxContainer/VBoxContainer2/HBoxContainer2\").visible = switch

func connection_status(fi_connection_status):
    # 0 is never connected, 1 is Trying to connect, 2 is connected, 
    # 3 is disconnected, 4 is retrying to connect.
    gun_connection_status = fi_connection_status
"

[sub_resource type="StyleBoxEmpty" id=2]

[sub_resource type="StyleBoxFlat" id=3]
bg_color = Color( 0.6, 0.6, 0.6, 0.0784314 )

[sub_resource type="StyleBoxEmpty" id=4]

[node name="AssignWeapon" type="ReferenceRect"]
margin_left = 3780.0
margin_top = 960.0
margin_right = 4320.0
margin_bottom = 1920.0
rect_min_size = Vector2( 540, 960 )
theme = ExtResource( 7 )
script = SubResource( 1 )
__meta__ = {
"_edit_use_anchors_": false,
"_editor_description_": "7,1"
}

[node name="GunImage" type="Sprite" parent="."]
position = Vector2( 300, 670 )
scale = Vector2( 1.5, 1.5 )
texture = ExtResource( 1 )

[node name="MuzzleflashImage" type="Sprite" parent="."]
visible = false
position = Vector2( 85, 609 )
scale = Vector2( 0.26, 0.26 )
texture = ExtResource( 10 )

[node name="VBoxContainer" type="VBoxContainer" parent="."]
margin_top = 170.0
margin_right = 540.0
margin_bottom = 945.0
rect_min_size = Vector2( 540, 775 )
custom_constants/separation = 30
__meta__ = {
"_edit_use_anchors_": false
}

[node name="VBoxContainer" type="VBoxContainer" parent="VBoxContainer"]
margin_right = 540.0
margin_bottom = 369.0
rect_min_size = Vector2( 540, 0 )

[node name="VBoxContainer" parent="VBoxContainer/VBoxContainer" instance=ExtResource( 9 )]
margin_bottom = 75.0
size_flags_vertical = 0

[node name="TitleLabel" parent="VBoxContainer/VBoxContainer/VBoxContainer" index="0"]
text = "Assign Weapon"

[node name="HSeparator" parent="VBoxContainer/VBoxContainer/VBoxContainer" index="1"]
margin_top = 65.0
margin_bottom = 75.0

[node name="VBoxContainer2" type="VBoxContainer" parent="VBoxContainer/VBoxContainer"]
margin_top = 83.0
margin_right = 540.0
margin_bottom = 369.0
rect_min_size = Vector2( 540, 0 )
size_flags_vertical = 6

[node name="WeaponList" type="Label" parent="VBoxContainer/VBoxContainer/VBoxContainer2"]
margin_left = 30.0
margin_right = 510.0
margin_bottom = 40.0
rect_min_size = Vector2( 480, 40 )
size_flags_horizontal = 4
size_flags_vertical = 0
custom_styles/normal = SubResource( 2 )
text = "AVAILABLE WEAPONS"
align = 1
valign = 1
__meta__ = {
"_edit_use_anchors_": false
}

[node name="ScrollContainer" type="ScrollContainer" parent="VBoxContainer/VBoxContainer/VBoxContainer2"]
margin_left = 10.0
margin_top = 48.0
margin_right = 530.0
margin_bottom = 218.0
rect_min_size = Vector2( 520, 170 )
size_flags_horizontal = 4
custom_styles/bg = SubResource( 3 )
scroll_horizontal_enabled = false

[node name="GridContainer" type="GridContainer" parent="VBoxContainer/VBoxContainer/VBoxContainer2/ScrollContainer"]
margin_left = 20.0
margin_right = 500.0
margin_bottom = 84.0
rect_min_size = Vector2( 480, 84 )
size_flags_horizontal = 6
script = ExtResource( 8 )

[node name="HBoxContainer" type="HBoxContainer" parent="VBoxContainer/VBoxContainer/VBoxContainer2"]
margin_left = 38.0
margin_top = 226.0
margin_right = 502.0
margin_bottom = 286.0
rect_min_size = Vector2( 380, 60 )
size_flags_horizontal = 4
size_flags_vertical = 2

[node name="WeaponName" type="LineEdit" parent="VBoxContainer/VBoxContainer/VBoxContainer2/HBoxContainer"]
margin_right = 400.0
margin_bottom = 60.0
rect_min_size = Vector2( 400, 60 )
size_flags_vertical = 2
theme = ExtResource( 3 )
align = 1
max_length = 24
editable = false
placeholder_text = "Customize Weapon Name"
placeholder_alpha = 0.2
script = ExtResource( 4 )
components = [ ExtResource( 5 ) ]
subsystems = [ ExtResource( 6 ) ]

[node name="EditButton" type="NinePatchRect" parent="VBoxContainer/VBoxContainer/VBoxContainer2/HBoxContainer"]
margin_left = 404.0
margin_right = 464.0
margin_bottom = 60.0
rect_min_size = Vector2( 60, 60 )
focus_mode = 2
mouse_filter = 0
size_flags_vertical = 0
texture = ExtResource( 2 )
__meta__ = {
"_editor_description_": ""
}

[node name="VBoxContainer2" type="VBoxContainer" parent="VBoxContainer"]
margin_top = 535.0
margin_right = 540.0
margin_bottom = 775.0
rect_min_size = Vector2( 540, 240 )
size_flags_vertical = 10

[node name="HBoxContainer" type="HBoxContainer" parent="VBoxContainer/VBoxContainer2"]
margin_right = 540.0
margin_bottom = 80.0
size_flags_vertical = 6

[node name="Connect" type="Button" parent="VBoxContainer/VBoxContainer2/HBoxContainer"]
margin_left = 150.0
margin_right = 390.0
margin_bottom = 80.0
rect_min_size = Vector2( 240, 80 )
size_flags_horizontal = 6
size_flags_vertical = 2

[node name="ConnectTitle" type="Label" parent="VBoxContainer/VBoxContainer2/HBoxContainer/Connect"]
margin_right = 180.0
margin_bottom = 80.0
rect_min_size = Vector2( 240, 80 )
mouse_filter = 1
custom_styles/normal = SubResource( 4 )
text = "Connect
Weapon"
align = 1
valign = 1
__meta__ = {
"_edit_use_anchors_": false
}

[node name="Fire" type="Button" parent="VBoxContainer/VBoxContainer2/HBoxContainer"]
visible = false
margin_left = 286.0
margin_right = 526.0
margin_bottom = 80.0
rect_min_size = Vector2( 240, 80 )
size_flags_horizontal = 6
size_flags_vertical = 2

[node name="FireTitle" type="Label" parent="VBoxContainer/VBoxContainer2/HBoxContainer/Fire"]
margin_right = 180.0
margin_bottom = 80.0
rect_min_size = Vector2( 240, 80 )
mouse_filter = 1
custom_styles/normal = SubResource( 4 )
text = "Fire
Weapon"
align = 1
valign = 1
__meta__ = {
"_edit_use_anchors_": false
}

[node name="Disconnect" type="Button" parent="VBoxContainer/VBoxContainer2/HBoxContainer"]
visible = false
margin_left = 357.0
margin_right = 557.0
margin_bottom = 80.0
rect_min_size = Vector2( 240, 80 )
size_flags_horizontal = 6
size_flags_vertical = 2

[node name="DisconnectTitle" type="Label" parent="VBoxContainer/VBoxContainer2/HBoxContainer/Disconnect"]
margin_right = 180.0
margin_bottom = 80.0
rect_min_size = Vector2( 240, 80 )
mouse_filter = 1
custom_styles/normal = SubResource( 4 )
text = "Disconnect
Weapon"
align = 1
valign = 1
__meta__ = {
"_edit_use_anchors_": false
}

[node name="ConnectionStatus" type="Label" parent="VBoxContainer/VBoxContainer2"]
margin_top = 100.0
margin_right = 540.0
margin_bottom = 140.0
rect_min_size = Vector2( 540, 40 )
size_flags_horizontal = 4
size_flags_vertical = 6
text = "Connection Status Label"
align = 1
valign = 1
autowrap = true
__meta__ = {
"_edit_use_anchors_": false
}

[node name="HBoxContainer2" type="HBoxContainer" parent="VBoxContainer/VBoxContainer2"]
margin_top = 160.0
margin_right = 540.0
margin_bottom = 240.0
size_flags_vertical = 6

[node name="PlayWithout" type="Button" parent="VBoxContainer/VBoxContainer2/HBoxContainer2"]
margin_left = 150.0
margin_right = 390.0
margin_bottom = 80.0
rect_min_size = Vector2( 240, 80 )
size_flags_horizontal = 6
size_flags_vertical = 2
text = "Play Without"

[node name="Continue" type="Button" parent="VBoxContainer/VBoxContainer2/HBoxContainer2"]
visible = false
margin_left = 286.0
margin_right = 526.0
margin_bottom = 80.0
rect_min_size = Vector2( 240, 80 )
size_flags_horizontal = 6
size_flags_vertical = 2
text = "Continue"

[connection signal="pressed" from="VBoxContainer/VBoxContainer2/HBoxContainer/Connect" to="." method="_on_Connect_pressed"]
[connection signal="pressed" from="VBoxContainer/VBoxContainer2/HBoxContainer/Fire" to="." method="_on_Fire_pressed"]
[connection signal="pressed" from="VBoxContainer/VBoxContainer2/HBoxContainer/Disconnect" to="." method="_on_Disconnect_pressed"]
[connection signal="pressed" from="VBoxContainer/VBoxContainer2/HBoxContainer2/PlayWithout" to="." method="_on_PlayWithout_pressed"]
[connection signal="pressed" from="VBoxContainer/VBoxContainer2/HBoxContainer2/Continue" to="." method="_on_Continue_pressed"]

[editable path="VBoxContainer/VBoxContainer/VBoxContainer"]
