[gd_scene load_steps=62 format=2]

[ext_resource path="res://assets/themes/tempRecoil.tres" type="Theme" id=2]
[ext_resource path="res://assets/fonts/Freecoil-Regular.otf" type="DynamicFontData" id=3]
[ext_resource path="res://scenes/Global/TitleLabel.tscn" type="PackedScene" id=4]

[sub_resource type="GDScript" id=1]
script/source = "extends ReferenceRect

#var index
var next_game_settings
var next_game_mode
var next_team_amount
var next_game_length_time
var next_game_objective
var next_game_objective_goal

var group_view_index
var settings1A_path
var settings1B_path
var settings1C_path
var settings1D_path
var settings2_path
var settings3_path
var settings4_path
var game_mode_list: Array
var team_amount_list: Dictionary
var current_team_amount_list: Array
var current_team_amount_list_name
var game_length_time_list: Dictionary
var current_game_length_time_list: Array
var current_game_length_time_list_name
var game_objective_list: Dictionary
var current_game_objective_list: Array
var current_game_objective_list_name
var game_objective_goal_list: Dictionary
var current_game_objective_goal_list: Array
var current_game_objective_goal_list_name
var respawns_allowed_list: Array
var respawn_type_list: Array
var respawn_delay_list: Array
var initial_health_list: Array
var initial_shield_list: Array
var healing_radius_list: Array
var heal_per_bandage_list: Array
var healing_time_list: Array
var initial_medpacks_list: Array

func _ready():
    next_game_settings = PM.Settings.Session.get_data(\"next_game_settings\")
    next_game_mode = next_game_settings[\"game_mode\"]
    next_team_amount = next_game_settings[\"team_amount\"]
    if next_game_settings[\"game_length_time\"] == PM.GODOT_MAX_INT:
        next_game_length_time = \"∞\"
    else:
        next_game_length_time = next_game_settings[\"game_length_time\"]
    next_game_objective = next_game_settings[\"game_objective\"]
    next_game_objective_goal = next_game_settings[\"game_objective_goal\"]
    
    #Define the path for each setting
    settings1A_path = \"VBoxContainer/GameSettings1/ModeSettingsContainer/GameModeContainer\"
    settings1B_path = \"VBoxContainer/GameSettings1/ModeSettingsContainer/TeamsContainer\"
    settings1C_path = \"VBoxContainer/GameSettings1/ModeSettingsContainer/GameTimeContainer\"
    settings1D_path = \"VBoxContainer/GameSettings1/ModeSettingsContainer/GameObjectiveContainer\"
    settings2_path = \"VBoxContainer/GameSettings2/VBoxContainer\"
    settings3_path = \"VBoxContainer/GameSettings3/VBoxContainer\"
    settings4_path = \"VBoxContainer/GameSettings4/HBoxContainer\"
    
    #Define all available combinations of game settings
    _define_possible_game_combinations()

    #Navigate to the selected setting area, if the viewing of all settings wasn't chosen by user (from GameSettingsReview)
    group_view_index = PM.Settings.Session.get_data(\"scene_routing_indicator\")
    _set_GameSettings_view()
    PM.Settings.Session.set_data(\"scene_routing_indicator\",\"\")

    #Populate all settings with the pre-defined game settings
    _populate_GameSettings_panels()

func _define_possible_game_combinations(): #This func is where the game modes (etc) can be expanded
    game_mode_list = [\"Deathmatch\", \"Survival\", \"Free For All\", \"Battle Royale\", \"Capture The Flag\", \"Custom\"]
    #team_amount options = [0, 2, 3, 4, 5, 6, 7, 8]
    team_amount_list = {\"Deathmatch\":[0, 2, 3, 4, 5, 6, 7, 8], \"Survival\":[0, 2, 3, 4, 5, 6, 7, 8],\\
            \"Free For All\":[0, 2, 3, 4, 5, 6, 7, 8], \"Battle Royale\":[0, 2, 3, 4, 5, 6, 7, 8],\\
            \"Capture The Flag\":[2, 3, 4, 5, 6, 7, 8], \"Custom\":[0, 2, 3, 4, 5, 6, 7, 8]}
    #game_length_time options = [10, 15, 20, 25, 30, 45, 60, 90, 120, \"∞\"]
    game_length_time_list = {\\
            \"Deathmatch_Team\":[10, 15, 20, 25, 30, 45, 60, 90, 120, \"∞\"],\\
            \"Deathmatch_Indiv\":[10, 15, 20, 25, 30, 45, 60, 90, 120, \"∞\"],\\
            \"Survival_Team\":[\"∞\"],\\
            \"Survival_Indiv\":[\"∞\"],\\
            \"Free For All_Team\":[10, 15, 20, 25, 30, 45, 60, 90, 120, \"∞\"],\\
            \"Free For All_Indiv\":[10, 15, 20, 25, 30, 45, 60, 90, 120, \"∞\"],\\
            \"Battle Royale_Team\":[10, 15, 20, 25, 30, 45, 60, 90, 120, \"∞\"],\\
            \"Battle Royale_Indiv\":[10, 15, 20, 25, 30, 45, 60, 90, 120, \"∞\"],\\
            \"Capture The Flag_Team\":[10, 15, 20, 25, 30, 45, 60, 90, 120, \"∞\"],\\
            \"Custom_Team\":[10, 15, 20, 25, 30, 45, 60, 90, 120, \"∞\"],\\
            \"Custom_Indiv\":[10, 15, 20, 25, 30, 45, 60, 90, 120, \"∞\"]}
    #game_objective options = [\"Kill Count\", \"KD Ratio\", \"Death Count\", \"Flag Count\"]
    game_objective_list = {\\
            \"Deathmatch_Team_Timed\":[\"Kill Count\"],\\
            \"Deathmatch_Team_Untimed\":[\"Kill Count\"],\\
            \"Deathmatch_Indiv_Timed\":[\"Kill Count\"],\\
            \"Deathmatch_Indiv_Untimed\":[\"Kill Count\"],\\
            \"Survival_Team_Untimed\":[\"Death Count\"],\\
            \"Survival_Indiv_Untimed\":[\"Death Count\"],\\
            \"Free For All_Team_Timed\":[\"Kill Count\", \"KD Ratio\"],\\
            \"Free For All_Team_Untimed\":[\"Kill Count\"],\\
            \"Free For All_Indiv_Timed\":[\"Kill Count\", \"KD Ratio\"],\\
            \"Free For All_Indiv_Untimed\":[\"Kill Count\"],\\
            \"Battle Royale_Team_Timed\":[\"Kill Count\", \"KD Ratio\"],\\
            \"Battle Royale_Team_Untimed\":[\"Kill Count\"],\\
            \"Battle Royale_Indiv_Timed\":[\"Kill Count\", \"KD Ratio\"],\\
            \"Battle Royale_Indiv_Untimed\":[\"Kill Count\"],\\
            \"Capture The Flag_Team_Timed\":[\"Flag Count\"],\\
            \"Capture The Flag_Team_Untimed\":[\"Flag Count\"],\\
            \"Custom_Team_Timed\":[\"Kill Count\", \"KD Ratio\", \"Death Count\", \"Flag Count\"],\\
            \"Custom_Team_Untimed\":[\"Kill Count\", \"Death Count\", \"Flag Count\"],\\
            \"Custom_Indiv_Timed\":[\"Kill Count\", \"KD Ratio\", \"Death Count\", \"Flag Count\"],\\
            \"Custom_Indiv_Untimed\":[\"Kill Count\", \"Death Count\", \"Flag Count\"]}
    #game_objective_goal options = [\"None\", 1, 2, 3, 4, 5, 6, 8, 10, 12, 15, 20, 25]
    game_objective_goal_list = {\\
            \"Deathmatch_Team_Timed_Kill Count\":[\"None\", 1, 2, 3, 4, 5, 6, 8, 10, 12, 15, 20, 25],\\
            \"Deathmatch_Team_Untimed_Kill Count\":[1, 2, 3, 4, 5, 6, 8, 10, 12, 15, 20, 25],\\
            \"Deathmatch_Indiv_Timed_Kill Count\":[\"None\", 1, 2, 3, 4, 5, 6, 8, 10, 12, 15, 20, 25],\\
            \"Deathmatch_Indiv_Untimed_Kill Count\":[1, 2, 3, 4, 5, 6, 8, 10, 12, 15, 20, 25],\\
            \"Survival_Team_Untimed_Death Count\":[1, 2, 3, 4, 5, 6, 8, 10, 12, 15, 20, 25],\\
            \"Survival_Indiv_Untimed_Death Count\":[1, 2, 3, 4, 5, 6, 8, 10, 12, 15, 20, 25],\\
            \"Free For All_Team_Timed_Kill Count\":[\"None\", 1, 2, 3, 4, 5, 6, 8, 10, 12, 15, 20, 25],\\
            \"Free For All_Team_Timed_KD Ratio\":[\"None\"],\\
            \"Free For All_Team_Untimed_Kill Count\":[1, 2, 3, 4, 5, 6, 8, 10, 12, 15, 20, 25],\\
            \"Free For All_Indiv_Timed_Kill Count\":[\"None\", 1, 2, 3, 4, 5, 6, 8, 10, 12, 15, 20, 25],\\
            \"Free For All_Indiv_Timed_KD Ratio\":[\"None\"],\\
            \"Free For All_Indiv_Untimed_Kill Count\":[1, 2, 3, 4, 5, 6, 8, 10, 12, 15, 20, 25],\\
            \"Battle Royale_Team_Timed_Kill Count\":[\"None\", 1, 2, 3, 4, 5, 6, 8, 10, 12, 15, 20, 25],\\
            \"Battle Royale_Team_Timed_KD Ratio\":[\"None\"],\\
            \"Battle Royale_Team_Untimed_Kill Count\":[1, 2, 3, 4, 5, 6, 8, 10, 12, 15, 20, 25],\\
            \"Battle Royale_Indiv_Timed_Kill Count\":[\"None\", 1, 2, 3, 4, 5, 6, 8, 10, 12, 15, 20, 25],\\
            \"Battle Royale_Indiv_Timed_KD Ratio\":[\"None\"],\\
            \"Battle Royale_Indiv_Untimed_Kill Count\":[1, 2, 3, 4, 5, 6, 8, 10, 12, 15, 20, 25],\\
            \"Capture The Flag_Team_Timed_Flag Count\":[\"None\", 1, 2, 3, 4, 5, 6, 8, 10, 12, 15, 20, 25],\\
            \"Capture The Flag_Team_Untimed_Flag Count\":[1, 2, 3, 4, 5, 6, 8, 10, 12, 15, 20, 25],\\
            \"Custom_Team_Timed_Kill Count\":[\"None\", 1, 2, 3, 4, 5, 6, 8, 10, 12, 15, 20, 25],\\
            \"Custom_Team_Untimed_Kill Count\":[1, 2, 3, 4, 5, 6, 8, 10, 12, 15, 20, 25],\\
            \"Custom_Indiv_Timed_Kill Count\":[\"None\", 1, 2, 3, 4, 5, 6, 8, 10, 12, 15, 20, 25],\\
            \"Custom_Indiv_Untimed_Kill Count\":[1, 2, 3, 4, 5, 6, 8, 10, 12, 15, 20, 25],\\
            \"Custom_Team_Timed_KD Ratio\":[\"None\"],\\
            \"Custom_Indiv_Timed_KD Ratio\":[\"None\"],\\
            \"Custom_Team_Timed_Death Count\":[\"None\", 1, 2, 3, 4, 5, 6, 8, 10, 12, 15, 20, 25],\\
            \"Custom_Team_Untimed_Death Count\":[1, 2, 3, 4, 5, 6, 8, 10, 12, 15, 20, 25],\\
            \"Custom_Indiv_Timed_Death Count\":[\"None\", 1, 2, 3, 4, 5, 6, 8, 10, 12, 15, 20, 25],\\
            \"Custom_Indiv_Untimed_Death Count\":[1, 2, 3, 4, 5, 6, 8, 10, 12, 15, 20, 25],\\
            \"Custom_Team_Timed_Flag Count\":[\"None\", 1, 2, 3, 4, 5, 6, 8, 10, 12, 15, 20, 25],\\
            \"Custom_Team_Untimed_Flag Count\":[1, 2, 3, 4, 5, 6, 8, 10, 12, 15, 20, 25],\\
            \"Custom_Indiv_Timed_Flag Count\":[\"None\", 1, 2, 3, 4, 5, 6, 8, 10, 12, 15, 20, 25],\\
            \"Custom_Indiv_Untimed_Flag Count\":[1, 2, 3, 4, 5, 6, 8, 10, 12, 15, 20, 25]}

    respawns_allowed_list = [0, 1, 2, 3, 4, 5, 6, 7, 8, 9, 10, 15, 20, \"∞\"]
    respawn_type_list = [\"Location\", \"Timed\"]
    respawn_delay_list = [0, 10, 20, 30, 40, 50, 60, 90, 120]
    initial_health_list = [2, 4, 6, 8, 10, 12, 14, 16, 18, 20]
    initial_shield_list = [0, 1, 2, 3, 4, 5, 6, 7, 8, 9, 10]
    healing_radius_list = [10, 20, 30]
    heal_per_bandage_list = [1, 2, 3, 4, 5, 6, 7, 8, 9, 10]
    healing_time_list = [5, 10, 15, 20, 30]
    initial_medpacks_list = [2, 3, 4, 5, 6, 7, 8, 9, 10, 15, 20, \"∞\"]

func _populate_GameSettings_panels():
    #GameSettings1A - Game Mode
    for index in range(game_mode_list.size()):
        get_node(settings1A_path + \"/GameMode\").add_item(game_mode_list[index])
    get_node(settings1A_path + \"/GameMode\").selected = \\
            game_mode_list.find(next_game_settings[\"game_mode\"],0)
    _on_GameMode_item_selected(game_mode_list.find(next_game_mode,0))

    #GameSettings2
    for index in range(respawns_allowed_list.size()):
        get_node(settings2_path + \"/RespawnContainer/HBoxContainer/RespawnsAllowed\").add_item(str(respawns_allowed_list[index]))
    for index in range(respawn_type_list.size()):
        get_node(settings2_path + \"/RespawnContainer/HBoxContainer2/RespawnType\").add_item(respawn_type_list[index])
    for index in range(respawn_delay_list.size()):
        get_node(settings2_path + \"/RespawnContainer/HBoxContainer2/RespawnDelay\").add_item(str(respawn_delay_list[index]))
    for index in range(initial_health_list.size()):
        get_node(settings2_path + \"2/HealthContainer/HBoxContainer3/InitialHealth\").add_item(str(initial_health_list[index]))
    for index in range(initial_shield_list.size()):
        get_node(settings2_path + \"3/ShieldContainer/HBoxContainer4/InitialShield\").add_item(str(initial_shield_list[index]))
    #Set scene controls based on variables (from default or prior game play)
    if next_game_settings[\"respawns_allowed\"] != PM.GODOT_MAX_INT:
        if next_game_settings[\"respawns_allowed\"] != 0:
            get_node(settings2_path + \"/RespawnContainer/HBoxContainer/Respawn\").pressed = true
            _on_Respawn_pressed()
            get_node(settings2_path + \"/RespawnContainer/HBoxContainer/RespawnsAllowed\").selected = \\
                    respawns_allowed_list.find(next_game_settings[\"respawns_allowed\"],0)
        else:
            get_node(settings2_path + \"/RespawnContainer/HBoxContainer/Respawn\").pressed = false
            _on_Respawn_pressed()
    else:
        get_node(settings2_path + \"/RespawnContainer/HBoxContainer/Respawn\").pressed = true
        _on_Respawn_pressed()
        get_node(settings2_path + \"/RespawnContainer/HBoxContainer/RespawnsAllowed\").selected = \\
                respawns_allowed_list.find(\"∞\",0)
    get_node(settings2_path + \"/RespawnContainer/HBoxContainer2/RespawnType\").selected = \\
            respawn_type_list.find(next_game_settings[\"respawn_type\"],0)
    get_node(settings2_path + \"/RespawnContainer/HBoxContainer2/RespawnDelay\").selected = \\
            respawn_delay_list.find(next_game_settings[\"respawn_delay\"],0)
    get_node(settings2_path + \"2/HealthContainer/HBoxContainer3/InitialHealth\").selected= \\
            initial_health_list.find(next_game_settings[\"initial_health\"],0)
    if next_game_settings[\"initial_shield\"] > 0:
        get_node(settings2_path + \"3/ShieldContainer/HBoxContainer4/Shields\").pressed = true
    else:
        get_node(settings2_path + \"3/ShieldContainer/HBoxContainer4/Shields\").pressed = false
    _on_Shields_pressed()
    get_node(settings2_path + \"3/ShieldContainer/HBoxContainer4/InitialShield\").selected = \\
            initial_shield_list.find(next_game_settings[\"initial_shield\"],0)
    get_node(settings2_path + \"4/FriendlyFire\").pressed = next_game_settings[\"friendly_fire\"]

    #GameSettings3
    get_node(settings3_path + \"/GunFunctionality/ForceEnableRecoil\").pressed = next_game_settings[\"force_recoil_action\"]
    get_node(settings3_path + \"/GunFunctionality/IndoorGame\").pressed = next_game_settings[\"indoor_game\"]
    var saved_armories = PM.Settings.Preferences.get_data(\"saved_armories\")
    var next_armory_name
    if PM.Settings.Session.get_data(\"next_armory_name\") == null or not saved_armories.has(PM.Settings.Session.get_data(\"next_armory_name\")):
        next_armory_name = PM.Settings.Preferences.get_data(\"default_armory_name\")
    else:
        next_armory_name = PM.Settings.Session.get_data(\"next_armory_name\")
    for key in saved_armories:
        get_node(settings3_path + \"/VBoxContainer/HBoxContainer/Armory\").add_item(key)
    for index in get_node(settings3_path + \"/VBoxContainer/HBoxContainer/Armory\").get_item_count():
        if get_node(settings3_path + \"/VBoxContainer/HBoxContainer/Armory\").get_item_text(index) == next_armory_name:
            get_node(settings3_path + \"/VBoxContainer/HBoxContainer/Armory\").select(index)

    #GameSettings4
    for index in range(healing_radius_list.size()):
        get_node(settings4_path + \"/HealingRadius\").add_item(str(healing_radius_list[index]))
    for index in range(heal_per_bandage_list.size()):
        get_node(settings4_path + \"2/HealthPointsHealed\").add_item(str(heal_per_bandage_list[index]))
    for index in range(healing_time_list.size()):
        get_node(settings4_path + \"3/HealingTime\").add_item(str(healing_time_list[index]))
    for index in range(initial_medpacks_list.size()):
        get_node(settings4_path + \"4/InitialMedPacks\").add_item(str(initial_medpacks_list[index]))
    #Set scene controls based on variables (from default or prior game play)
    get_node(settings4_path + \"/HealingRadius\").selected = \\
            healing_radius_list.find(next_game_settings[\"healing_radius\"],0)
    get_node(settings4_path + \"2/HealthPointsHealed\").selected = \\
            heal_per_bandage_list.find(next_game_settings[\"heal_per_bandage\"],0)
    get_node(settings4_path + \"3/HealingTime\").selected = \\
            healing_time_list.find(next_game_settings[\"healing_time\"],0)
    if next_game_settings[\"initial_medpacks\"] != PM.GODOT_MAX_INT:
        get_node(settings4_path + \"4/InitialMedPacks\").selected = \\
                initial_medpacks_list.find(next_game_settings[\"initial_medpacks\"],0)
    else:
        get_node(settings4_path + \"4/InitialMedPacks\").selected = \\
                initial_medpacks_list.find(\"∞\",0)

func _on_GameMode_item_selected(_index):
    next_game_mode = get_node(settings1A_path + \"/GameMode\").text
    current_team_amount_list_name = next_game_mode
    current_team_amount_list = team_amount_list[current_team_amount_list_name]
    get_node(settings1B_path + \"/NoTeams\").clear()
    for index in range(current_team_amount_list.size()):
        get_node(settings1B_path + \"/NoTeams\").add_item(str(current_team_amount_list[index]))
    if not current_team_amount_list.has(next_team_amount):
        if current_team_amount_list.has(2): #Default values for all games
            next_team_amount = 2
        elif current_team_amount_list.has(0):
            next_team_amount = 0
        else:
            next_team_amount = current_team_amount_list[0]
    get_node(settings1B_path + \"/Teams\").disabled = false #Initial condition
    if next_team_amount > 0:
        get_node(settings1B_path + \"/Teams\").pressed = true
        if not current_team_amount_list.has(0):
            get_node(settings1B_path + \"/Teams\").disabled = true
    else:
        get_node(settings1B_path + \"/Teams\").pressed = false
        if not current_team_amount_list.max() > 0:
            get_node(settings1B_path + \"/Teams\").disabled = true
    get_node(settings1B_path + \"/NoTeams\").selected = \\
            current_team_amount_list.find(next_team_amount,0)
    _on_NoTeams_item_selected(current_team_amount_list.find(next_team_amount,0))
    _on_Teams_pressed()

func _on_Teams_pressed():
    if get_node(settings1B_path + \"/Teams\").pressed == true:
        if next_team_amount == 0:
            next_team_amount = current_team_amount_list[1]
            get_node(settings1B_path + \"/NoTeams\").selected = \\
                    current_team_amount_list.find(next_team_amount,0)
        get_node(settings1B_path + \"/NoTeams\").visible = true
        get_node(settings1B_path + \"/NoTeamsTitle\").visible = true
        get_node(settings1B_path + \"/NoTeams\").set_item_disabled(0, true)
    else:
        get_node(settings1B_path + \"/NoTeams\").set_item_disabled(0, false)
        if next_team_amount > 0:
            next_team_amount = current_team_amount_list[0]
            get_node(settings1B_path + \"/NoTeams\").selected = \\
                    current_team_amount_list.find(next_team_amount,0)
        get_node(settings1B_path + \"/NoTeams\").visible = false
        get_node(settings1B_path + \"/NoTeamsTitle\").visible = false
    _on_NoTeams_item_selected(current_team_amount_list.find(next_team_amount,0))
#    for key in next_game_settings:
#        print(\"End of Teams_pressed, \" + key + \" = \" + str(next_game_settings[key]))

func _on_NoTeams_item_selected(_index):
    next_team_amount = int(get_node(settings1B_path + \"/NoTeams\").text)
    if next_team_amount > 0:
        current_game_length_time_list_name = str(current_team_amount_list_name + \"_Team\")
    else:
        current_game_length_time_list_name = str(current_team_amount_list_name + \"_Indiv\")
    current_game_length_time_list = game_length_time_list[current_game_length_time_list_name]
    get_node(settings1C_path + \"/GameTime\").clear()
    for index in range(current_game_length_time_list.size()):
        get_node(settings1C_path + \"/GameTime\").add_item(str(current_game_length_time_list[index]))
    if not current_game_length_time_list.has(next_game_length_time):
        if current_game_length_time_list.has(30): #Default values for all games
            next_game_length_time = 30
        elif current_game_length_time_list.has(\"∞\"):
            next_game_length_time = current_game_length_time_list[current_game_length_time_list.size() - 1]
        else:
            next_game_length_time = current_game_length_time_list[0]
    get_node(settings1C_path + \"/Timed\").disabled = false #Initial condition
    if str(next_game_length_time) != \"∞\":
        get_node(settings1C_path + \"/Timed\").pressed = true
        if not current_game_length_time_list.has(\"∞\"):
            get_node(settings1C_path + \"/Timed\").disabled = true
    else:
        get_node(settings1C_path + \"/Timed\").pressed = false
        
        if (current_game_length_time_list.size() == 1 and current_game_length_time_list.has(\"∞\")):
            get_node(settings1C_path + \"/Timed\").disabled = true
    get_node(settings1C_path + \"/GameTime\").selected = \\
            current_game_length_time_list.find(next_game_length_time,0)
    _on_GameTime_item_selected(current_game_length_time_list.find(next_game_length_time,0))
    _on_Timed_pressed()
#    for key in next_game_settings:
#        print(\"End of NoTeams_selected, \" + key + \" = \" + str(next_game_settings[key]))

func _on_Timed_pressed():
    if get_node(settings1C_path + \"/Timed\").pressed == true:
        if str(next_game_length_time) == \"∞\":
            if current_game_length_time_list.has(30): #Default values for all games
                next_game_length_time = 30
            else:
                next_game_length_time = current_game_length_time_list[0]
            get_node(settings1C_path + \"/GameTime\").selected = \\
                    current_game_length_time_list.find(next_game_length_time,0)
        get_node(settings1C_path + \"/GameTime\").visible = true
        get_node(settings1C_path + \"/GameTimeTitle\").visible = true
        get_node(settings1C_path + \"/GameTime\").set_item_disabled(current_game_length_time_list.size() - 1, true)
    else:
        get_node(settings1C_path + \"/GameTime\").set_item_disabled(current_game_length_time_list.size() - 1, false)
        if str(next_game_length_time) != \"∞\":
            next_game_length_time = \"∞\"
            get_node(settings1C_path + \"/GameTime\").selected = \\
                    current_game_length_time_list.find(next_game_length_time,0)
        get_node(settings1C_path + \"/GameTime\").visible = false
        get_node(settings1C_path + \"/GameTimeTitle\").visible = false
        if get_node(settings1D_path + \"/Goal\").text == \"None\":
            get_node(settings1D_path + \"/Goal\").selected = 5
    _on_GameTime_item_selected(current_game_length_time_list.find(next_game_length_time,0))
#    for key in next_game_settings:
#        print(\"End of Time_pressed, \" + key + \" = \" + str(next_game_settings[key]))

func _on_GameTime_item_selected(_index):
    if get_node(settings1C_path + \"/GameTime\").text == \"∞\":
        next_game_length_time = get_node(settings1C_path + \"/GameTime\").text
    else:
        next_game_length_time = int(get_node(settings1C_path + \"/GameTime\").text)
    if str(next_game_length_time) == \"∞\":
        current_game_objective_list_name = str(current_game_length_time_list_name + \"_Untimed\")
    else:
        current_game_objective_list_name = str(current_game_length_time_list_name + \"_Timed\")
    current_game_objective_list = game_objective_list[current_game_objective_list_name]
    get_node(settings1D_path + \"/Objective\").clear()
    for index in range(current_game_objective_list.size()):
        get_node(settings1D_path + \"/Objective\").add_item(current_game_objective_list[index])
    if not current_game_objective_list.has(next_game_objective):
        next_game_objective = current_game_objective_list[0] #Default value for games
    get_node(settings1D_path + \"/Objective\").selected = \\
            current_game_objective_list.find(next_game_objective,0)
    _on_Objective_item_selected(current_game_objective_list.find(next_game_objective,0))
#    for key in next_game_settings:
#        print(\"End of GameTime_selected, \" + key + \" = \" + str(next_game_settings[key]))

func _on_Objective_item_selected(_index):
    next_game_objective = get_node(settings1D_path + \"/Objective\").text
    current_game_objective_goal_list_name = str(current_game_objective_list_name + \"_\" + next_game_objective)
    current_game_objective_goal_list = game_objective_goal_list[current_game_objective_goal_list_name]
    get_node(settings1D_path + \"/Goal\").clear()
    for index in range(current_game_objective_goal_list.size()):
        get_node(settings1D_path + \"/Goal\").add_item(str(current_game_objective_goal_list[index]))
    if not current_game_objective_goal_list.has(next_game_objective_goal):
        if current_game_objective_goal_list.has(10): #Default values for games
            next_game_objective_goal = 10
        else:
            next_game_objective_goal = current_game_objective_goal_list[0]
    get_node(settings1D_path + \"/Goal\").selected = \\
            current_game_objective_goal_list.find(next_game_objective_goal,0)
#    for key in next_game_settings:
#        print(\"End of Objective_selected, \" + key + \" = \" + str(next_game_settings[key]))

func _on_Goal_item_selected(_index):
    if str(get_node(settings1D_path + \"/Goal\").text) == \"None\":
        next_game_objective_goal = get_node(settings1D_path + \"/Goal\").text
    else:
        next_game_objective_goal = int(get_node(settings1D_path + \"/Goal\").text)

func _on_Respawn_pressed():
    if get_node(settings2_path + \"/RespawnContainer/HBoxContainer/Respawn\").pressed == true:
        get_node(settings2_path + \"/RespawnContainer/HBoxContainer/RespawnsAllowed\").selected = 5
        get_node(settings2_path + \"/RespawnContainer/HBoxContainer/RespawnsAllowed\").visible = true
        get_node(settings2_path + \"/RespawnContainer/HBoxContainer/RespawnsAllowedTitle\").visible = true
        get_node(settings2_path + \"/RespawnContainer/HBoxContainer/RespawnsAllowed\").set_item_disabled(0, true)
        get_node(settings2_path + \"/RespawnContainer/HBoxContainer2\").visible = true  
    else:
        get_node(settings2_path + \"/RespawnContainer/HBoxContainer/RespawnsAllowed\").set_item_disabled(0, false)
        get_node(settings2_path + \"/RespawnContainer/HBoxContainer/RespawnsAllowed\").selected = 0
        get_node(settings2_path + \"/RespawnContainer/HBoxContainer/RespawnsAllowed\").visible = false
        get_node(settings2_path + \"/RespawnContainer/HBoxContainer/RespawnsAllowedTitle\").visible = false
        get_node(settings2_path + \"/RespawnContainer/HBoxContainer2\").visible = false

func _on_Shields_pressed():
    if get_node(settings2_path + \"3/ShieldContainer/HBoxContainer4/Shields\").pressed == true:
        get_node(settings2_path + \"3/ShieldContainer/HBoxContainer4/InitialShield\").selected = 5
        get_node(settings2_path + \"3/ShieldContainer/HBoxContainer4/InitialShield\").visible = true
        get_node(settings2_path + \"3/ShieldContainer/HBoxContainer4/InitialShieldTitle\").visible = true
        get_node(settings2_path + \"3/ShieldContainer/HBoxContainer4/InitialShield\").set_item_disabled(0, true)
    else:
        get_node(settings2_path + \"3/ShieldContainer/HBoxContainer4/InitialShield\").set_item_disabled(0, false)
        get_node(settings2_path + \"3/ShieldContainer/HBoxContainer4/InitialShield\").selected = 0
        get_node(settings2_path + \"3/ShieldContainer/HBoxContainer4/InitialShield\").visible = false
        get_node(settings2_path + \"3/ShieldContainer/HBoxContainer4/InitialShieldTitle\").visible = false

func _on_ArmorySettings_pressed():
    _assign_game_variables_from_scene_controls()
    PM.Settings.Session.set_data(\"scene_routing_indicator\", \"GameSettingsReview\")
    PM.Settings.Session.set_data(\"ProgramManager_state_trigger\", \"ArmorySettings\")

func _assign_game_variables_from_scene_controls():
    #GameSettings1 assignments
    var next_game_settings_temp = PM.Settings.Session.get_data(\"next_game_settings\")
    next_game_settings_temp[\"game_mode\"] = get_node(settings1A_path + \"/GameMode\").text
    next_game_settings_temp[\"team_amount\"] = int(get_node(settings1B_path + \"/NoTeams\").text)
    if get_node(settings1C_path + \"/GameTime\").text == \"∞\":
        next_game_settings_temp[\"game_length_time\"] = PM.GODOT_MAX_INT
    else:
        next_game_settings_temp[\"game_length_time\"] = int(get_node(settings1C_path + \"/GameTime\").text)
    next_game_settings_temp[\"game_objective\"] = get_node(settings1D_path + \"/Objective\").text
    if get_node(settings1D_path + \"/Goal\").text == \"None\":
        next_game_settings_temp[\"game_objective_goal\"] = get_node(settings1D_path + \"/Goal\").text
    else:
        next_game_settings_temp[\"game_objective_goal\"] = int(get_node(settings1D_path + \"/Goal\").text)

    #GameSettings2 assignments
    if get_node(settings2_path + \"/RespawnContainer/HBoxContainer/RespawnsAllowed\").text != \"∞\":
        next_game_settings_temp[\"respawns_allowed\"] = int(get_node(settings2_path + \"/RespawnContainer/HBoxContainer/RespawnsAllowed\").text)
    else:
        next_game_settings_temp[\"respawns_allowed\"] = PM.GODOT_MAX_INT
    next_game_settings_temp[\"respawn_type\"] = get_node(settings2_path + \"/RespawnContainer/HBoxContainer2/RespawnType\").text
    next_game_settings_temp[\"respawn_delay\"] = int(get_node(settings2_path + \"/RespawnContainer/HBoxContainer2/RespawnDelay\").text)
    next_game_settings_temp[\"initial_health\"] = int(get_node(settings2_path + \"2/HealthContainer/HBoxContainer3/InitialHealth\").text)
    next_game_settings_temp[\"initial_shield\"] = int(get_node(settings2_path + \"3/ShieldContainer/HBoxContainer4/InitialShield\").text)
    next_game_settings_temp[\"friendly_fire\"] = get_node(settings2_path + \"4/FriendlyFire\").pressed

    #GameSettings3 assignments
    next_game_settings_temp[\"force_recoil_action\"] = get_node(settings3_path + \"/GunFunctionality/ForceEnableRecoil\").pressed
    next_game_settings_temp[\"indoor_game\"] = get_node(settings3_path + \"/GunFunctionality/IndoorGame\").pressed
    var next_armory_name = get_node(settings3_path + \"/VBoxContainer/HBoxContainer/Armory\").text
    PM.Settings.Session.set_data(\"next_armory_name\", next_armory_name)
    PM.Settings.Session.set_data(\"next_armory\", PM.Settings.Preferences.get_data(\"saved_armories\")[next_armory_name])

    #GameSettings4 assignments
    next_game_settings_temp[\"healing_radius\"] = int(get_node(settings4_path + \"/HealingRadius\").text)
    next_game_settings_temp[\"heal_per_bandage\"] = int(get_node(settings4_path + \"2/HealthPointsHealed\").text)
    next_game_settings_temp[\"healing_time\"] = int(get_node(settings4_path + \"3/HealingTime\").text)
    if get_node(settings4_path + \"4/InitialMedPacks\").text != \"∞\":
        next_game_settings_temp[\"initial_medpacks\"] = int(get_node(settings4_path + \"4/InitialMedPacks\").text)
    else:
        next_game_settings_temp[\"initial_medpacks\"] = PM.GODOT_MAX_INT
    PM.Settings.Session.set_data(\"next_game_settings\", next_game_settings_temp)

#Game Settings navigation scripts
func _on_LButton_pressed():
    var last_setting_shift
    var medic_type = PM.Settings.InGame.get_data(\"medic_type\") #Change displayed settings based upon the implementation of the medic role in the game
    if medic_type == 0:
        last_setting_shift = 1
    else:
        last_setting_shift = 0
    if group_view_index > 1:
        group_view_index = group_view_index - 1
    else:
        group_view_index = 4 - last_setting_shift
    _set_GameSettings_view()

func _on_RButton_pressed():
    var last_setting_shift
    var medic_type = PM.Settings.InGame.get_data(\"medic_type\") #Change displayed settings based upon the implementation of the medic role in the game
    if medic_type == 0:
        last_setting_shift = 1
    else:
        last_setting_shift = 0
    if group_view_index < 4 - last_setting_shift:
        group_view_index = group_view_index + 1
    else:
        group_view_index = 1
    _set_GameSettings_view()

func _set_GameSettings_view():
    var setting_shown
    for n in range(1,5):
        if n == group_view_index:
            setting_shown = true
        else:
            setting_shown = false
        get_node(\"VBoxContainer/GameSettings\" + str(n)).visible = setting_shown
    get_node(\"VBoxContainer/SettingsNavButtons/VBoxContainer/SettingViewed\").text = \"Settings \" + str(group_view_index)

func _on_Accept_pressed():
    _assign_game_variables_from_scene_controls()
    PM.Settings.Session.set_data(\"ProgramManager_state_trigger\", \"Accept\")

func _on_Back_pressed():
    _assign_game_variables_from_scene_controls()
    PM.Settings.Session.set_data(\"ProgramManager_state_trigger\", \"Back\")
"

[sub_resource type="StyleBoxEmpty" id=2]

[sub_resource type="StyleBoxEmpty" id=3]

[sub_resource type="StyleBoxEmpty" id=4]

[sub_resource type="StyleBoxEmpty" id=5]

[sub_resource type="StyleBoxEmpty" id=6]

[sub_resource type="StyleBoxEmpty" id=7]

[sub_resource type="StyleBoxEmpty" id=8]

[sub_resource type="StyleBoxEmpty" id=9]

[sub_resource type="StyleBoxEmpty" id=10]

[sub_resource type="StyleBoxEmpty" id=11]

[sub_resource type="StyleBoxEmpty" id=12]

[sub_resource type="StyleBoxEmpty" id=13]

[sub_resource type="StyleBoxEmpty" id=14]

[sub_resource type="StyleBoxEmpty" id=15]

[sub_resource type="StyleBoxEmpty" id=16]

[sub_resource type="StyleBoxEmpty" id=17]

[sub_resource type="StyleBoxEmpty" id=18]

[sub_resource type="StyleBoxEmpty" id=19]

[sub_resource type="StyleBoxEmpty" id=20]

[sub_resource type="StyleBoxEmpty" id=21]

[sub_resource type="StyleBoxEmpty" id=22]

[sub_resource type="StyleBoxEmpty" id=23]

[sub_resource type="StyleBoxEmpty" id=24]

[sub_resource type="StyleBoxEmpty" id=25]

[sub_resource type="StyleBoxEmpty" id=26]

[sub_resource type="StyleBoxEmpty" id=27]

[sub_resource type="StyleBoxEmpty" id=28]

[sub_resource type="StyleBoxEmpty" id=29]

[sub_resource type="StyleBoxEmpty" id=30]

[sub_resource type="StyleBoxEmpty" id=31]

[sub_resource type="StyleBoxEmpty" id=32]

[sub_resource type="StyleBoxEmpty" id=33]

[sub_resource type="StyleBoxEmpty" id=34]

[sub_resource type="StyleBoxEmpty" id=35]

[sub_resource type="StyleBoxEmpty" id=36]

[sub_resource type="StyleBoxEmpty" id=37]

[sub_resource type="StyleBoxEmpty" id=38]

[sub_resource type="StyleBoxEmpty" id=39]

[sub_resource type="StyleBoxEmpty" id=40]

[sub_resource type="StyleBoxEmpty" id=41]

[sub_resource type="StyleBoxEmpty" id=42]

[sub_resource type="StyleBoxEmpty" id=43]

[sub_resource type="StyleBoxEmpty" id=44]

[sub_resource type="StyleBoxEmpty" id=45]

[sub_resource type="StyleBoxEmpty" id=46]

[sub_resource type="StyleBoxEmpty" id=47]

[sub_resource type="StyleBoxEmpty" id=48]

[sub_resource type="StyleBoxEmpty" id=49]

[sub_resource type="StyleBoxEmpty" id=50]

[sub_resource type="StyleBoxEmpty" id=51]

[sub_resource type="StyleBoxEmpty" id=52]

[sub_resource type="StyleBoxEmpty" id=53]

[sub_resource type="StyleBoxEmpty" id=54]

[sub_resource type="DynamicFont" id=55]
size = 24
font_data = ExtResource( 3 )

[sub_resource type="StyleBoxEmpty" id=56]

[sub_resource type="StyleBoxEmpty" id=57]

[sub_resource type="StyleBoxEmpty" id=58]

[node name="GameSettings" type="ReferenceRect"]
margin_left = 540.0
margin_top = 5760.0
margin_right = 1080.0
margin_bottom = 6720.0
rect_min_size = Vector2( 540, 960 )
theme = ExtResource( 2 )
script = SubResource( 1 )
__meta__ = {
"_edit_use_anchors_": false,
"_editor_description_": "1,6"
}

[node name="ColorRect" type="ColorRect" parent="."]
margin_right = 540.0
margin_bottom = 714.0
rect_min_size = Vector2( 540, 754 )
color = Color( 0.266667, 0.266667, 0.266667, 1 )
__meta__ = {
"_edit_use_anchors_": false,
"_editor_description_": ""
}

[node name="VBoxContainer" type="VBoxContainer" parent="."]
margin_right = 540.0
margin_bottom = 958.0
rect_min_size = Vector2( 540, 960 )
__meta__ = {
"_edit_use_anchors_": false
}

[node name="GameSettings1" type="VBoxContainer" parent="VBoxContainer"]
margin_right = 540.0
margin_bottom = 754.0
rect_min_size = Vector2( 540, 754 )
__meta__ = {
"_edit_use_anchors_": false
}

[node name="Title" parent="VBoxContainer/GameSettings1" instance=ExtResource( 4 )]
margin_bottom = 135.0

[node name="TitleLabel" parent="VBoxContainer/GameSettings1/Title" index="0"]
margin_bottom = 117.0
text = "Game Mode Settings"

[node name="TextureRect" parent="VBoxContainer/GameSettings1/Title/TitleLabel" index="0"]
rect_min_size = Vector2( 540, 117 )

[node name="HSeparator" parent="VBoxContainer/GameSettings1/Title" index="1"]
margin_top = 125.0
margin_bottom = 135.0

[node name="ModeSettingsContainer" type="VBoxContainer" parent="VBoxContainer/GameSettings1"]
margin_left = 4.0
margin_top = 143.0
margin_right = 536.0
margin_bottom = 583.0
rect_min_size = Vector2( 532, 440 )
size_flags_horizontal = 6
size_flags_vertical = 2

[node name="GameModeContainer" type="HBoxContainer" parent="VBoxContainer/GameSettings1/ModeSettingsContainer"]
margin_right = 532.0
margin_bottom = 80.0
rect_min_size = Vector2( 532, 0 )
size_flags_horizontal = 3
size_flags_vertical = 0

[node name="GameModeTitle" type="Label" parent="VBoxContainer/GameSettings1/ModeSettingsContainer/GameModeContainer"]
margin_right = 228.0
margin_bottom = 80.0
rect_min_size = Vector2( 200, 80 )
size_flags_horizontal = 3
custom_styles/normal = SubResource( 2 )
text = "Game Mode"
valign = 1

[node name="GameMode" type="OptionButton" parent="VBoxContainer/GameSettings1/ModeSettingsContainer/GameModeContainer"]
margin_left = 232.0
margin_right = 532.0
margin_bottom = 80.0
rect_min_size = Vector2( 300, 80 )
size_flags_horizontal = 3
align = 1

[node name="TeamsContainer" type="HBoxContainer" parent="VBoxContainer/GameSettings1/ModeSettingsContainer"]
margin_top = 88.0
margin_right = 532.0
margin_bottom = 168.0
rect_min_size = Vector2( 532, 0 )
size_flags_horizontal = 3
size_flags_vertical = 0

[node name="Teams" type="CheckButton" parent="VBoxContainer/GameSettings1/ModeSettingsContainer/TeamsContainer"]
margin_right = 190.0
margin_bottom = 80.0
rect_min_size = Vector2( 190, 80 )
size_flags_horizontal = 2
size_flags_vertical = 4
custom_styles/hover = SubResource( 3 )
custom_styles/pressed = SubResource( 4 )
custom_styles/focus = SubResource( 5 )
custom_styles/disabled = SubResource( 6 )
custom_styles/hover_pressed = SubResource( 7 )
custom_styles/normal = SubResource( 8 )
text = "Teams"
__meta__ = {
"_editor_description_": ""
}

[node name="NoTeamsTitle" type="Label" parent="VBoxContainer/GameSettings1/ModeSettingsContainer/TeamsContainer"]
margin_left = 194.0
margin_right = 384.0
margin_bottom = 80.0
rect_min_size = Vector2( 190, 80 )
size_flags_horizontal = 3
custom_styles/normal = SubResource( 9 )
text = "No. of Teams"
align = 2
valign = 1
autowrap = true

[node name="NoTeams" type="OptionButton" parent="VBoxContainer/GameSettings1/ModeSettingsContainer/TeamsContainer"]
margin_left = 388.0
margin_right = 532.0
margin_bottom = 80.0
rect_min_size = Vector2( 144, 80 )
size_flags_horizontal = 3
align = 1

[node name="GameTimeContainer" type="HBoxContainer" parent="VBoxContainer/GameSettings1/ModeSettingsContainer"]
margin_top = 176.0
margin_right = 532.0
margin_bottom = 256.0
rect_min_size = Vector2( 532, 0 )
size_flags_horizontal = 3
size_flags_vertical = 0

[node name="Timed" type="CheckButton" parent="VBoxContainer/GameSettings1/ModeSettingsContainer/GameTimeContainer"]
margin_right = 190.0
margin_bottom = 80.0
rect_min_size = Vector2( 190, 80 )
size_flags_horizontal = 2
size_flags_vertical = 4
custom_styles/hover = SubResource( 10 )
custom_styles/pressed = SubResource( 11 )
custom_styles/focus = SubResource( 12 )
custom_styles/disabled = SubResource( 13 )
custom_styles/hover_pressed = SubResource( 14 )
custom_styles/normal = SubResource( 15 )
pressed = true
text = "Timed"
__meta__ = {
"_editor_description_": ""
}

[node name="GameTimeTitle" type="Label" parent="VBoxContainer/GameSettings1/ModeSettingsContainer/GameTimeContainer"]
margin_left = 194.0
margin_right = 384.0
margin_bottom = 80.0
rect_min_size = Vector2( 190, 80 )
size_flags_horizontal = 3
custom_styles/normal = SubResource( 16 )
text = "Game Time
(minutes)"
align = 2
valign = 1
autowrap = true

[node name="GameTime" type="OptionButton" parent="VBoxContainer/GameSettings1/ModeSettingsContainer/GameTimeContainer"]
margin_left = 388.0
margin_right = 532.0
margin_bottom = 80.0
rect_min_size = Vector2( 144, 80 )
size_flags_horizontal = 3
align = 1

[node name="GameObjectiveContainer" type="HBoxContainer" parent="VBoxContainer/GameSettings1/ModeSettingsContainer"]
margin_top = 264.0
margin_right = 532.0
margin_bottom = 344.0
rect_min_size = Vector2( 532, 0 )
size_flags_horizontal = 3
size_flags_vertical = 0

[node name="ObjectiveTitle" type="Label" parent="VBoxContainer/GameSettings1/ModeSettingsContainer/GameObjectiveContainer"]
margin_right = 115.0
margin_bottom = 80.0
rect_min_size = Vector2( 115, 80 )
size_flags_horizontal = 3
custom_styles/normal = SubResource( 17 )
text = "Game Objective"
valign = 1
autowrap = true

[node name="Objective" type="OptionButton" parent="VBoxContainer/GameSettings1/ModeSettingsContainer/GameObjectiveContainer"]
margin_left = 119.0
margin_right = 319.0
margin_bottom = 80.0
rect_min_size = Vector2( 200, 80 )
size_flags_horizontal = 3
align = 1

[node name="GoalTitle" type="Label" parent="VBoxContainer/GameSettings1/ModeSettingsContainer/GameObjectiveContainer"]
margin_left = 323.0
margin_right = 425.0
margin_bottom = 80.0
rect_min_size = Vector2( 70, 80 )
size_flags_horizontal = 3
custom_styles/normal = SubResource( 17 )
text = "Goal
(Limit)"
align = 2
valign = 1
autowrap = true

[node name="Goal" type="OptionButton" parent="VBoxContainer/GameSettings1/ModeSettingsContainer/GameObjectiveContainer"]
margin_left = 429.0
margin_right = 532.0
margin_bottom = 80.0
rect_min_size = Vector2( 100, 80 )
size_flags_horizontal = 3
align = 1

[node name="GameSettings2" type="VBoxContainer" parent="VBoxContainer"]
visible = false
margin_right = 540.0
margin_bottom = 754.0
rect_min_size = Vector2( 540, 754 )
__meta__ = {
"_edit_use_anchors_": false
}

[node name="VBoxContainer" type="VBoxContainer" parent="VBoxContainer/GameSettings2"]
margin_right = 540.0
margin_bottom = 251.0
rect_min_size = Vector2( 532, 0 )
size_flags_vertical = 6

[node name="Title" parent="VBoxContainer/GameSettings2/VBoxContainer" instance=ExtResource( 4 )]
margin_bottom = 75.0

[node name="TitleLabel" parent="VBoxContainer/GameSettings2/VBoxContainer/Title" index="0"]
text = "Respawn"

[node name="HSeparator" parent="VBoxContainer/GameSettings2/VBoxContainer/Title" index="1"]
margin_top = 65.0
margin_bottom = 75.0

[node name="RespawnContainer" type="VBoxContainer" parent="VBoxContainer/GameSettings2/VBoxContainer"]
margin_left = 4.0
margin_top = 83.0
margin_right = 536.0
margin_bottom = 251.0
rect_min_size = Vector2( 532, 0 )
size_flags_horizontal = 6

[node name="HBoxContainer" type="HBoxContainer" parent="VBoxContainer/GameSettings2/VBoxContainer/RespawnContainer"]
margin_right = 532.0
margin_bottom = 80.0
rect_min_size = Vector2( 532, 80 )
size_flags_vertical = 4

[node name="Respawn" type="CheckButton" parent="VBoxContainer/GameSettings2/VBoxContainer/RespawnContainer/HBoxContainer"]
margin_top = 5.0
margin_right = 220.0
margin_bottom = 75.0
rect_min_size = Vector2( 220, 70 )
size_flags_horizontal = 2
size_flags_vertical = 4
custom_styles/hover = SubResource( 18 )
custom_styles/pressed = SubResource( 19 )
custom_styles/focus = SubResource( 20 )
custom_styles/disabled = SubResource( 21 )
custom_styles/hover_pressed = SubResource( 22 )
custom_styles/normal = SubResource( 23 )
pressed = true
text = "Respawns"
__meta__ = {
"_editor_description_": ""
}

[node name="RespawnsAllowedTitle" type="Label" parent="VBoxContainer/GameSettings2/VBoxContainer/RespawnContainer/HBoxContainer"]
margin_left = 224.0
margin_right = 376.0
margin_bottom = 80.0
rect_min_size = Vector2( 140, 80 )
size_flags_horizontal = 3
custom_styles/normal = SubResource( 24 )
text = "No. of Respawns"
align = 2
valign = 1
autowrap = true

[node name="RespawnsAllowed" type="OptionButton" parent="VBoxContainer/GameSettings2/VBoxContainer/RespawnContainer/HBoxContainer"]
margin_left = 380.0
margin_right = 532.0
margin_bottom = 80.0
rect_min_size = Vector2( 144, 80 )
size_flags_horizontal = 3
size_flags_vertical = 4
align = 1

[node name="HBoxContainer2" type="HBoxContainer" parent="VBoxContainer/GameSettings2/VBoxContainer/RespawnContainer"]
margin_top = 88.0
margin_right = 532.0
margin_bottom = 168.0
rect_min_size = Vector2( 532, 80 )
size_flags_vertical = 4

[node name="RespawnTypeTitle" type="Label" parent="VBoxContainer/GameSettings2/VBoxContainer/RespawnContainer/HBoxContainer2"]
margin_right = 120.0
margin_bottom = 80.0
rect_min_size = Vector2( 120, 80 )
size_flags_horizontal = 3
custom_styles/normal = SubResource( 25 )
text = "Respawn
Type"
align = 2
valign = 1

[node name="RespawnType" type="OptionButton" parent="VBoxContainer/GameSettings2/VBoxContainer/RespawnContainer/HBoxContainer2"]
margin_left = 124.0
margin_right = 284.0
margin_bottom = 80.0
rect_min_size = Vector2( 160, 80 )
size_flags_horizontal = 3
size_flags_vertical = 4
align = 1

[node name="RespawnDelayTitle" type="Label" parent="VBoxContainer/GameSettings2/VBoxContainer/RespawnContainer/HBoxContainer2"]
margin_left = 288.0
margin_right = 424.0
margin_bottom = 80.0
rect_min_size = Vector2( 130, 80 )
size_flags_horizontal = 3
custom_styles/normal = SubResource( 26 )
text = "Respawn
Delay (sec)"
valign = 1

[node name="RespawnDelay" type="OptionButton" parent="VBoxContainer/GameSettings2/VBoxContainer/RespawnContainer/HBoxContainer2"]
margin_left = 428.0
margin_right = 532.0
margin_bottom = 80.0
rect_min_size = Vector2( 89, 80 )
size_flags_horizontal = 3
size_flags_vertical = 4
align = 1

[node name="VBoxContainer2" type="VBoxContainer" parent="VBoxContainer/GameSettings2"]
margin_top = 259.0
margin_right = 540.0
margin_bottom = 422.0
rect_min_size = Vector2( 532, 0 )
size_flags_vertical = 6

[node name="Title" parent="VBoxContainer/GameSettings2/VBoxContainer2" instance=ExtResource( 4 )]
margin_bottom = 75.0

[node name="TitleLabel" parent="VBoxContainer/GameSettings2/VBoxContainer2/Title" index="0"]
text = "Health"

[node name="HSeparator" parent="VBoxContainer/GameSettings2/VBoxContainer2/Title" index="1"]
margin_top = 65.0
margin_bottom = 75.0

[node name="HealthContainer" type="VBoxContainer" parent="VBoxContainer/GameSettings2/VBoxContainer2"]
margin_left = 4.0
margin_top = 83.0
margin_right = 536.0
margin_bottom = 163.0
rect_min_size = Vector2( 532, 0 )
size_flags_horizontal = 6

[node name="HBoxContainer3" type="HBoxContainer" parent="VBoxContainer/GameSettings2/VBoxContainer2/HealthContainer"]
margin_right = 532.0
margin_bottom = 80.0
size_flags_vertical = 4

[node name="InitialHealthTitle" type="Label" parent="VBoxContainer/GameSettings2/VBoxContainer2/HealthContainer/HBoxContainer3"]
margin_right = 248.0
margin_bottom = 80.0
rect_min_size = Vector2( 220, 80 )
size_flags_horizontal = 3
custom_styles/normal = SubResource( 27 )
text = "Initial Health"
valign = 1

[node name="InitialHealth" type="OptionButton" parent="VBoxContainer/GameSettings2/VBoxContainer2/HealthContainer/HBoxContainer3"]
margin_left = 252.0
margin_right = 532.0
margin_bottom = 80.0
rect_min_size = Vector2( 280, 80 )
size_flags_horizontal = 3
size_flags_vertical = 4
align = 1

[node name="VBoxContainer3" type="VBoxContainer" parent="VBoxContainer/GameSettings2"]
margin_top = 430.0
margin_right = 540.0
margin_bottom = 593.0
rect_min_size = Vector2( 532, 0 )
size_flags_vertical = 6

[node name="Title" parent="VBoxContainer/GameSettings2/VBoxContainer3" instance=ExtResource( 4 )]
margin_bottom = 75.0

[node name="TitleLabel" parent="VBoxContainer/GameSettings2/VBoxContainer3/Title" index="0"]
text = "Shields"

[node name="HSeparator" parent="VBoxContainer/GameSettings2/VBoxContainer3/Title" index="1"]
margin_top = 65.0
margin_bottom = 75.0

[node name="ShieldContainer" type="VBoxContainer" parent="VBoxContainer/GameSettings2/VBoxContainer3"]
margin_left = 4.0
margin_top = 83.0
margin_right = 536.0
margin_bottom = 163.0
rect_min_size = Vector2( 532, 0 )
size_flags_horizontal = 6

[node name="HBoxContainer4" type="HBoxContainer" parent="VBoxContainer/GameSettings2/VBoxContainer3/ShieldContainer"]
margin_right = 532.0
margin_bottom = 80.0
rect_min_size = Vector2( 532, 80 )
size_flags_vertical = 4

[node name="Shields" type="CheckButton" parent="VBoxContainer/GameSettings2/VBoxContainer3/ShieldContainer/HBoxContainer4"]
margin_top = 5.0
margin_right = 190.0
margin_bottom = 75.0
rect_min_size = Vector2( 190, 70 )
size_flags_horizontal = 2
size_flags_vertical = 4
custom_styles/hover = SubResource( 28 )
custom_styles/pressed = SubResource( 29 )
custom_styles/focus = SubResource( 30 )
custom_styles/disabled = SubResource( 31 )
custom_styles/hover_pressed = SubResource( 32 )
custom_styles/normal = SubResource( 33 )
pressed = true
text = "Shields"
__meta__ = {
"_editor_description_": ""
}

[node name="InitialShieldTitle" type="Label" parent="VBoxContainer/GameSettings2/VBoxContainer3/ShieldContainer/HBoxContainer4"]
margin_left = 194.0
margin_right = 361.0
margin_bottom = 80.0
rect_min_size = Vector2( 142, 80 )
size_flags_horizontal = 3
custom_styles/normal = SubResource( 34 )
text = "Initial Shield"
align = 2
valign = 1

[node name="InitialShield" type="OptionButton" parent="VBoxContainer/GameSettings2/VBoxContainer3/ShieldContainer/HBoxContainer4"]
margin_left = 365.0
margin_right = 532.0
margin_bottom = 80.0
rect_min_size = Vector2( 144, 80 )
size_flags_horizontal = 3
size_flags_vertical = 4
align = 1

[node name="VBoxContainer4" type="VBoxContainer" parent="VBoxContainer/GameSettings2"]
margin_top = 601.0
margin_right = 540.0
margin_bottom = 754.0
rect_min_size = Vector2( 532, 0 )
size_flags_vertical = 6

[node name="Title" parent="VBoxContainer/GameSettings2/VBoxContainer4" instance=ExtResource( 4 )]
margin_bottom = 75.0

[node name="TitleLabel" parent="VBoxContainer/GameSettings2/VBoxContainer4/Title" index="0"]
text = "Friendly Fire"

[node name="HSeparator" parent="VBoxContainer/GameSettings2/VBoxContainer4/Title" index="1"]
margin_top = 65.0
margin_bottom = 75.0

[node name="FriendlyFire" type="CheckButton" parent="VBoxContainer/GameSettings2/VBoxContainer4"]
margin_top = 83.0
margin_right = 340.0
margin_bottom = 153.0
rect_min_size = Vector2( 340, 70 )
size_flags_horizontal = 2
size_flags_vertical = 4
custom_styles/hover = SubResource( 35 )
custom_styles/pressed = SubResource( 36 )
custom_styles/focus = SubResource( 37 )
custom_styles/disabled = SubResource( 38 )
custom_styles/hover_pressed = SubResource( 39 )
custom_styles/normal = SubResource( 40 )
text = "Friendly Fire"
__meta__ = {
"_editor_description_": ""
}

[node name="GameSettings3" type="VBoxContainer" parent="VBoxContainer"]
visible = false
margin_right = 540.0
margin_bottom = 754.0
rect_min_size = Vector2( 540, 754 )
custom_constants/separation = 30
__meta__ = {
"_edit_use_anchors_": false
}

[node name="VBoxContainer" type="VBoxContainer" parent="VBoxContainer/GameSettings3"]
margin_right = 540.0
margin_bottom = 679.0
rect_min_size = Vector2( 520, 580 )

[node name="GunFunctionality" type="VBoxContainer" parent="VBoxContainer/GameSettings3/VBoxContainer"]
margin_right = 540.0
margin_bottom = 311.0

[node name="Title" parent="VBoxContainer/GameSettings3/VBoxContainer/GunFunctionality" instance=ExtResource( 4 )]
margin_bottom = 135.0

[node name="TitleLabel" parent="VBoxContainer/GameSettings3/VBoxContainer/GunFunctionality/Title" index="0"]
margin_bottom = 117.0
text = "Weapon Functionality"

[node name="TextureRect" parent="VBoxContainer/GameSettings3/VBoxContainer/GunFunctionality/Title/TitleLabel" index="0"]
rect_min_size = Vector2( 540, 117 )

[node name="HSeparator" parent="VBoxContainer/GameSettings3/VBoxContainer/GunFunctionality/Title" index="1"]
margin_top = 125.0
margin_bottom = 135.0

[node name="ForceEnableRecoil" type="CheckButton" parent="VBoxContainer/GameSettings3/VBoxContainer/GunFunctionality"]
margin_top = 143.0
margin_right = 540.0
margin_bottom = 223.0
rect_min_size = Vector2( 520, 80 )
size_flags_vertical = 4
custom_styles/hover = SubResource( 41 )
custom_styles/pressed = SubResource( 42 )
custom_styles/focus = SubResource( 43 )
custom_styles/disabled = SubResource( 44 )
custom_styles/hover_pressed = SubResource( 45 )
custom_styles/normal = SubResource( 46 )
text = "Force Enable Recoil Action"

[node name="IndoorGame" type="CheckButton" parent="VBoxContainer/GameSettings3/VBoxContainer/GunFunctionality"]
margin_top = 231.0
margin_right = 540.0
margin_bottom = 311.0
rect_min_size = Vector2( 520, 80 )
size_flags_vertical = 4
custom_styles/hover = SubResource( 47 )
custom_styles/pressed = SubResource( 48 )
custom_styles/focus = SubResource( 49 )
custom_styles/disabled = SubResource( 50 )
custom_styles/hover_pressed = SubResource( 51 )
custom_styles/normal = SubResource( 52 )
text = "Indoor (Short Wide IR OFF)"
__meta__ = {
"_editor_description_": ""
}

[node name="HostLockSettings" type="CheckButton" parent="VBoxContainer/GameSettings3/VBoxContainer"]
visible = false
margin_top = 319.0
margin_right = 540.0
margin_bottom = 399.0
rect_min_size = Vector2( 520, 80 )
size_flags_vertical = 4
text = "Lock Settings as Host"
__meta__ = {
"_editor_description_": ""
}

[node name="TBD1" type="CheckButton" parent="VBoxContainer/GameSettings3/VBoxContainer"]
visible = false
margin_top = 88.0
margin_right = 540.0
margin_bottom = 168.0
rect_min_size = Vector2( 520, 80 )
size_flags_vertical = 4
text = "TBD"
clip_text = true
__meta__ = {
"_editor_description_": ""
}

[node name="TBD2" type="CheckButton" parent="VBoxContainer/GameSettings3/VBoxContainer"]
visible = false
margin_top = 176.0
margin_right = 540.0
margin_bottom = 256.0
rect_min_size = Vector2( 520, 80 )
size_flags_vertical = 4
text = "TBD"
__meta__ = {
"_editor_description_": ""
}

[node name="VBoxContainer" type="VBoxContainer" parent="VBoxContainer/GameSettings3/VBoxContainer"]
margin_top = 319.0
margin_right = 540.0
margin_bottom = 679.0
rect_min_size = Vector2( 0, 360 )

[node name="Title" parent="VBoxContainer/GameSettings3/VBoxContainer/VBoxContainer" instance=ExtResource( 4 )]
margin_bottom = 75.0

[node name="TitleLabel" parent="VBoxContainer/GameSettings3/VBoxContainer/VBoxContainer/Title" index="0"]
text = "Armory"

[node name="HSeparator" parent="VBoxContainer/GameSettings3/VBoxContainer/VBoxContainer/Title" index="1"]
margin_top = 65.0
margin_bottom = 75.0

[node name="HBoxContainer" type="HBoxContainer" parent="VBoxContainer/GameSettings3/VBoxContainer/VBoxContainer"]
margin_top = 108.0
margin_right = 540.0
margin_bottom = 188.0
size_flags_horizontal = 5
size_flags_vertical = 10

[node name="ArmoryTitle" type="Label" parent="VBoxContainer/GameSettings3/VBoxContainer/VBoxContainer/HBoxContainer"]
margin_right = 120.0
margin_bottom = 80.0
rect_min_size = Vector2( 120, 80 )
size_flags_horizontal = 0
custom_styles/normal = SubResource( 53 )
text = "Active
Armory:"
align = 2
valign = 1
autowrap = true

[node name="Armory" type="OptionButton" parent="VBoxContainer/GameSettings3/VBoxContainer/VBoxContainer/HBoxContainer"]
margin_left = 124.0
margin_right = 424.0
margin_bottom = 80.0
rect_min_size = Vector2( 300, 80 )
size_flags_horizontal = 4
align = 1
__meta__ = {
"_editor_description_": ""
}

[node name="ArmorySettings" type="Button" parent="VBoxContainer/GameSettings3/VBoxContainer/VBoxContainer"]
margin_left = 130.0
margin_top = 221.0
margin_right = 410.0
margin_bottom = 301.0
rect_min_size = Vector2( 280, 80 )
size_flags_horizontal = 4
size_flags_vertical = 10

[node name="ArmorySettingsTitle" type="Label" parent="VBoxContainer/GameSettings3/VBoxContainer/VBoxContainer/ArmorySettings"]
margin_right = 280.0
margin_bottom = 80.0
rect_min_size = Vector2( 280, 80 )
mouse_filter = 1
custom_styles/normal = SubResource( 54 )
custom_colors/font_color = Color( 0, 0, 0, 1 )
text = "View/Edit
Armory Settings"
align = 1
valign = 1
__meta__ = {
"_edit_use_anchors_": false
}

[node name="ArmoryNote" type="Label" parent="VBoxContainer/GameSettings3/VBoxContainer/VBoxContainer"]
margin_left = 10.0
margin_top = 309.0
margin_right = 530.0
margin_bottom = 360.0
rect_min_size = Vector2( 520, 48 )
mouse_filter = 1
size_flags_horizontal = 4
custom_styles/normal = SubResource( 54 )
custom_fonts/font = SubResource( 55 )
text = "Note:  Entering the Armory will also apply
the Weapon Functionality settings above."
align = 1
autowrap = true
__meta__ = {
"_edit_use_anchors_": false
}

[node name="GameSettings4" type="VBoxContainer" parent="VBoxContainer"]
visible = false
margin_top = 762.0
margin_right = 540.0
margin_bottom = 1516.0
rect_min_size = Vector2( 540, 754 )
size_flags_vertical = 4
custom_constants/separation = 30
__meta__ = {
"_edit_use_anchors_": false
}

[node name="Title" parent="VBoxContainer/GameSettings4" instance=ExtResource( 4 )]
margin_bottom = 75.0

[node name="TitleLabel" parent="VBoxContainer/GameSettings4/Title" index="0"]
text = "Medic Settings"

[node name="HSeparator" parent="VBoxContainer/GameSettings4/Title" index="1"]
margin_top = 65.0
margin_bottom = 75.0

[node name="HBoxContainer" type="HBoxContainer" parent="VBoxContainer/GameSettings4"]
margin_left = 4.0
margin_top = 105.0
margin_right = 536.0
margin_bottom = 185.0
rect_min_size = Vector2( 532, 0 )
size_flags_horizontal = 6
size_flags_vertical = 4

[node name="HealingRadiusTitle" type="Label" parent="VBoxContainer/GameSettings4/HBoxContainer"]
margin_right = 280.0
margin_bottom = 80.0
rect_min_size = Vector2( 280, 80 )
size_flags_horizontal = 3
size_flags_vertical = 6
custom_styles/normal = SubResource( 56 )
text = "Healing Radius
(m, GPS)"
valign = 1
autowrap = true

[node name="HealingRadius" type="OptionButton" parent="VBoxContainer/GameSettings4/HBoxContainer"]
margin_left = 284.0
margin_right = 532.0
margin_bottom = 80.0
rect_min_size = Vector2( 220, 80 )
size_flags_horizontal = 3
size_flags_vertical = 6
align = 1

[node name="HBoxContainer2" type="HBoxContainer" parent="VBoxContainer/GameSettings4"]
margin_left = 4.0
margin_top = 215.0
margin_right = 536.0
margin_bottom = 295.0
rect_min_size = Vector2( 532, 0 )
size_flags_horizontal = 6
size_flags_vertical = 4
__meta__ = {
"_edit_use_anchors_": false
}

[node name="HealthPointsHealedTitle" type="Label" parent="VBoxContainer/GameSettings4/HBoxContainer2"]
margin_right = 280.0
margin_bottom = 80.0
rect_min_size = Vector2( 280, 80 )
size_flags_horizontal = 3
size_flags_vertical = 6
custom_styles/normal = SubResource( 56 )
text = "Health Points Healed"
valign = 1

[node name="HealthPointsHealed" type="OptionButton" parent="VBoxContainer/GameSettings4/HBoxContainer2"]
margin_left = 284.0
margin_right = 532.0
margin_bottom = 80.0
rect_min_size = Vector2( 220, 80 )
size_flags_horizontal = 3
size_flags_vertical = 6
align = 1

[node name="HBoxContainer3" type="HBoxContainer" parent="VBoxContainer/GameSettings4"]
margin_left = 4.0
margin_top = 325.0
margin_right = 536.0
margin_bottom = 405.0
rect_min_size = Vector2( 532, 0 )
size_flags_horizontal = 6
size_flags_vertical = 4

[node name="HealingTimeTitle" type="Label" parent="VBoxContainer/GameSettings4/HBoxContainer3"]
margin_right = 280.0
margin_bottom = 80.0
rect_min_size = Vector2( 280, 80 )
size_flags_horizontal = 3
size_flags_vertical = 6
custom_styles/normal = SubResource( 56 )
text = "Healing Time (sec)"
valign = 1

[node name="HealingTime" type="OptionButton" parent="VBoxContainer/GameSettings4/HBoxContainer3"]
margin_left = 284.0
margin_right = 532.0
margin_bottom = 80.0
rect_min_size = Vector2( 220, 80 )
size_flags_horizontal = 3
size_flags_vertical = 6
align = 1

[node name="HBoxContainer4" type="HBoxContainer" parent="VBoxContainer/GameSettings4"]
margin_left = 4.0
margin_top = 435.0
margin_right = 536.0
margin_bottom = 515.0
rect_min_size = Vector2( 532, 0 )
size_flags_horizontal = 6
size_flags_vertical = 4

[node name="InitialMedPacksTitle" type="Label" parent="VBoxContainer/GameSettings4/HBoxContainer4"]
margin_right = 280.0
margin_bottom = 80.0
rect_min_size = Vector2( 280, 80 )
size_flags_horizontal = 3
size_flags_vertical = 6
custom_styles/normal = SubResource( 56 )
text = "Initial Med Packs"
valign = 1

[node name="InitialMedPacks" type="OptionButton" parent="VBoxContainer/GameSettings4/HBoxContainer4"]
margin_left = 284.0
margin_right = 532.0
margin_bottom = 80.0
rect_min_size = Vector2( 220, 80 )
size_flags_horizontal = 3
size_flags_vertical = 6
align = 1

[node name="SettingsNavButtons" type="HBoxContainer" parent="VBoxContainer"]
margin_left = 50.0
margin_top = 762.0
margin_right = 490.0
margin_bottom = 852.0
rect_min_size = Vector2( 440, 90 )
size_flags_horizontal = 6

[node name="LButton" type="Button" parent="VBoxContainer/SettingsNavButtons"]
margin_left = 3.0
margin_right = 103.0
margin_bottom = 90.0
rect_min_size = Vector2( 100, 90 )
size_flags_horizontal = 6
size_flags_vertical = 4
text = "<"

[node name="VBoxContainer" type="VBoxContainer" parent="VBoxContainer/SettingsNavButtons"]
margin_left = 110.0
margin_top = 9.0
margin_right = 330.0
margin_bottom = 81.0
size_flags_horizontal = 6
size_flags_vertical = 6

[node name="SettingViewedTitle" type="Label" parent="VBoxContainer/SettingsNavButtons/VBoxContainer"]
margin_right = 220.0
margin_bottom = 28.0
rect_min_size = Vector2( 220, 28 )
size_flags_horizontal = 6
custom_styles/normal = SubResource( 57 )
text = "Settings Viewed:"
align = 1
valign = 2

[node name="SettingViewed" type="LineEdit" parent="VBoxContainer/SettingsNavButtons/VBoxContainer"]
margin_left = 30.0
margin_top = 36.0
margin_right = 190.0
margin_bottom = 72.0
rect_min_size = Vector2( 160, 36 )
size_flags_horizontal = 6
size_flags_vertical = 4
text = "ALL"
align = 1
editable = false
expand_to_text_length = true
selecting_enabled = false
__meta__ = {
"_editor_description_": ""
}

[node name="RButton" type="Button" parent="VBoxContainer/SettingsNavButtons"]
margin_left = 337.0
margin_right = 437.0
margin_bottom = 90.0
rect_min_size = Vector2( 100, 90 )
size_flags_horizontal = 6
size_flags_vertical = 4
text = ">"

[node name="SceneNavButtons" type="HBoxContainer" parent="VBoxContainer"]
margin_top = 870.0
margin_right = 540.0
margin_bottom = 950.0
rect_min_size = Vector2( 532, 0 )
size_flags_horizontal = 3
size_flags_vertical = 6
__meta__ = {
"_edit_use_anchors_": false
}

[node name="Back" type="Button" parent="VBoxContainer/SceneNavButtons"]
margin_left = 24.0
margin_right = 244.0
margin_bottom = 80.0
rect_min_size = Vector2( 220, 80 )
size_flags_horizontal = 6
size_flags_vertical = 4

[node name="BackLabel" type="Label" parent="VBoxContainer/SceneNavButtons/Back"]
margin_right = 12.0
margin_bottom = 28.0
rect_min_size = Vector2( 220, 80 )
mouse_filter = 1
custom_styles/normal = SubResource( 58 )
custom_colors/font_color = Color( 0, 0, 0, 1 )
text = "Return to
Settings Review"
align = 1
valign = 1
__meta__ = {
"_edit_use_anchors_": false
}

[node name="Accept" type="Button" parent="VBoxContainer/SceneNavButtons"]
margin_left = 296.0
margin_right = 516.0
margin_bottom = 80.0
rect_min_size = Vector2( 220, 80 )
size_flags_horizontal = 6
size_flags_vertical = 4
text = "Continue"

[connection signal="item_selected" from="VBoxContainer/GameSettings1/ModeSettingsContainer/GameModeContainer/GameMode" to="." method="_on_GameMode_item_selected"]
[connection signal="pressed" from="VBoxContainer/GameSettings1/ModeSettingsContainer/TeamsContainer/Teams" to="." method="_on_Teams_pressed"]
[connection signal="item_selected" from="VBoxContainer/GameSettings1/ModeSettingsContainer/TeamsContainer/NoTeams" to="." method="_on_NoTeams_item_selected"]
[connection signal="pressed" from="VBoxContainer/GameSettings1/ModeSettingsContainer/GameTimeContainer/Timed" to="." method="_on_Timed_pressed"]
[connection signal="item_selected" from="VBoxContainer/GameSettings1/ModeSettingsContainer/GameTimeContainer/GameTime" to="." method="_on_GameTime_item_selected"]
[connection signal="item_selected" from="VBoxContainer/GameSettings1/ModeSettingsContainer/GameObjectiveContainer/Objective" to="." method="_on_Objective_item_selected"]
[connection signal="item_selected" from="VBoxContainer/GameSettings1/ModeSettingsContainer/GameObjectiveContainer/Goal" to="." method="_on_Goal_item_selected"]
[connection signal="pressed" from="VBoxContainer/GameSettings2/VBoxContainer/RespawnContainer/HBoxContainer/Respawn" to="." method="_on_Respawn_pressed"]
[connection signal="pressed" from="VBoxContainer/GameSettings2/VBoxContainer3/ShieldContainer/HBoxContainer4/Shields" to="." method="_on_Shields_pressed"]
[connection signal="pressed" from="VBoxContainer/GameSettings3/VBoxContainer/VBoxContainer/ArmorySettings" to="." method="_on_ArmorySettings_pressed"]
[connection signal="pressed" from="VBoxContainer/SettingsNavButtons/LButton" to="." method="_on_LButton_pressed"]
[connection signal="pressed" from="VBoxContainer/SettingsNavButtons/RButton" to="." method="_on_RButton_pressed"]
[connection signal="pressed" from="VBoxContainer/SceneNavButtons/Back" to="." method="_on_Back_pressed"]
[connection signal="pressed" from="VBoxContainer/SceneNavButtons/Accept" to="." method="_on_Accept_pressed"]

[editable path="VBoxContainer/GameSettings1/Title"]
[editable path="VBoxContainer/GameSettings2/VBoxContainer/Title"]
[editable path="VBoxContainer/GameSettings2/VBoxContainer2/Title"]
[editable path="VBoxContainer/GameSettings2/VBoxContainer3/Title"]
[editable path="VBoxContainer/GameSettings2/VBoxContainer4/Title"]
[editable path="VBoxContainer/GameSettings3/VBoxContainer/GunFunctionality/Title"]
[editable path="VBoxContainer/GameSettings3/VBoxContainer/VBoxContainer/Title"]
[editable path="VBoxContainer/GameSettings4/Title"]
