[gd_scene load_steps=5 format=2]

[ext_resource path="res://assets/themes/tempRecoil.tres" type="Theme" id=1]
[ext_resource path="res://assets/images/avatars/avatar_003.png" type="Texture" id=2]
[ext_resource path="res://assets/images/avatars/avatar_002.png" type="Texture" id=3]
[ext_resource path="res://assets/images/avatars/avatar_001.png" type="Texture" id=4]

[node name="LobbyTeams" type="ReferenceRect"]
margin_left = 1080.0
margin_top = 8640.0
margin_right = 1620.0
margin_bottom = 9600.0
rect_min_size = Vector2( 540, 960 )
theme = ExtResource( 1 )
__meta__ = {
"_edit_use_anchors_": false,
"_editor_description_": "2,9"
}

[node name="CenterContainer" type="CenterContainer" parent="."]
margin_top = 170.0
margin_right = 540.0
margin_bottom = 960.0
rect_min_size = Vector2( 540, 790 )
__meta__ = {
"_edit_use_anchors_": false
}

[node name="VBoxContainer" type="VBoxContainer" parent="CenterContainer"]
margin_right = 540.0
margin_bottom = 790.0
rect_min_size = Vector2( 540, 790 )

[node name="HBoxContainer" type="HBoxContainer" parent="CenterContainer/VBoxContainer"]
margin_right = 540.0
margin_bottom = 644.0
rect_min_size = Vector2( 540, 644 )
size_flags_vertical = 6

[node name="VBoxContainer" type="VBoxContainer" parent="CenterContainer/VBoxContainer/HBoxContainer"]
margin_right = 388.0
margin_bottom = 644.0
rect_min_size = Vector2( 388, 644 )
size_flags_horizontal = 4

[node name="TeamMembersTitle" type="Label" parent="CenterContainer/VBoxContainer/HBoxContainer/VBoxContainer"]
margin_right = 388.0
margin_bottom = 60.0
rect_min_size = Vector2( 270, 60 )
size_flags_vertical = 1
text = "Current Team Members"
align = 1
valign = 1
__meta__ = {
"_edit_use_anchors_": false
}

[node name="ScrollContainer" type="ScrollContainer" parent="CenterContainer/VBoxContainer/HBoxContainer/VBoxContainer"]
margin_left = 4.0
margin_top = 68.0
margin_right = 384.0
margin_bottom = 644.0
rect_min_size = Vector2( 380, 576 )
size_flags_horizontal = 4
scroll_horizontal_enabled = false

[node name="VBoxContainer" type="VBoxContainer" parent="CenterContainer/VBoxContainer/HBoxContainer/VBoxContainer/ScrollContainer"]
margin_right = 368.0
margin_bottom = 3000.0
rect_min_size = Vector2( 368, 3000 )
size_flags_horizontal = 4

[node name="HBoxContainer" type="HBoxContainer" parent="CenterContainer/VBoxContainer/HBoxContainer/VBoxContainer/ScrollContainer/VBoxContainer"]
margin_right = 368.0
margin_bottom = 168.0
rect_min_size = Vector2( 368, 168 )
size_flags_horizontal = 4

[node name="VBoxContainer" type="VBoxContainer" parent="CenterContainer/VBoxContainer/HBoxContainer/VBoxContainer/ScrollContainer/VBoxContainer/HBoxContainer"]
margin_right = 120.0
margin_bottom = 168.0
size_flags_horizontal = 3

[node name="Player01Avatar" type="NinePatchRect" parent="CenterContainer/VBoxContainer/HBoxContainer/VBoxContainer/ScrollContainer/VBoxContainer/HBoxContainer/VBoxContainer"]
margin_right = 120.0
margin_bottom = 120.0
rect_min_size = Vector2( 120, 120 )
mouse_filter = 1
size_flags_horizontal = 6
size_flags_vertical = 6
texture = ExtResource( 4 )
__meta__ = {
"_editor_description_": ""
}

[node name="Player01Name" type="Label" parent="CenterContainer/VBoxContainer/HBoxContainer/VBoxContainer/ScrollContainer/VBoxContainer/HBoxContainer/VBoxContainer"]
margin_top = 128.0
margin_right = 120.0
margin_bottom = 168.0
rect_min_size = Vector2( 120, 40 )
size_flags_vertical = 3
text = "Name"
align = 1
valign = 1
clip_text = true
__meta__ = {
"_edit_use_anchors_": false
}

[node name="VBoxContainer2" type="VBoxContainer" parent="CenterContainer/VBoxContainer/HBoxContainer/VBoxContainer/ScrollContainer/VBoxContainer/HBoxContainer"]
margin_left = 124.0
margin_right = 244.0
margin_bottom = 168.0
size_flags_horizontal = 3

[node name="Player02Avatar" type="NinePatchRect" parent="CenterContainer/VBoxContainer/HBoxContainer/VBoxContainer/ScrollContainer/VBoxContainer/HBoxContainer/VBoxContainer2"]
margin_right = 120.0
margin_bottom = 120.0
rect_min_size = Vector2( 120, 120 )
mouse_filter = 1
size_flags_horizontal = 6
size_flags_vertical = 6
texture = ExtResource( 3 )
__meta__ = {
"_editor_description_": ""
}

[node name="Player02Name" type="Label" parent="CenterContainer/VBoxContainer/HBoxContainer/VBoxContainer/ScrollContainer/VBoxContainer/HBoxContainer/VBoxContainer2"]
margin_top = 128.0
margin_right = 120.0
margin_bottom = 168.0
rect_min_size = Vector2( 120, 40 )
size_flags_vertical = 3
text = "Name"
align = 1
valign = 1
clip_text = true
__meta__ = {
"_edit_use_anchors_": false
}

[node name="VBoxContainer3" type="VBoxContainer" parent="CenterContainer/VBoxContainer/HBoxContainer/VBoxContainer/ScrollContainer/VBoxContainer/HBoxContainer"]
margin_left = 248.0
margin_right = 368.0
margin_bottom = 168.0
size_flags_horizontal = 3

[node name="Player03Avatar" type="NinePatchRect" parent="CenterContainer/VBoxContainer/HBoxContainer/VBoxContainer/ScrollContainer/VBoxContainer/HBoxContainer/VBoxContainer3"]
margin_right = 120.0
margin_bottom = 120.0
rect_min_size = Vector2( 120, 120 )
mouse_filter = 1
size_flags_horizontal = 6
size_flags_vertical = 6
texture = ExtResource( 2 )
__meta__ = {
"_editor_description_": ""
}

[node name="Player03Name" type="Label" parent="CenterContainer/VBoxContainer/HBoxContainer/VBoxContainer/ScrollContainer/VBoxContainer/HBoxContainer/VBoxContainer3"]
margin_top = 128.0
margin_right = 120.0
margin_bottom = 168.0
rect_min_size = Vector2( 120, 40 )
size_flags_vertical = 3
text = "Name"
align = 1
valign = 1
clip_text = true
__meta__ = {
"_edit_use_anchors_": false
}

[node name="HBoxContainer2" type="HBoxContainer" parent="CenterContainer/VBoxContainer/HBoxContainer/VBoxContainer/ScrollContainer/VBoxContainer"]
margin_top = 176.0
margin_right = 368.0
margin_bottom = 344.0
rect_min_size = Vector2( 368, 168 )
size_flags_horizontal = 4
__meta__ = {
"_editor_description_": ""
}

[node name="HBoxContainer3" type="HBoxContainer" parent="CenterContainer/VBoxContainer/HBoxContainer/VBoxContainer/ScrollContainer/VBoxContainer"]
margin_top = 352.0
margin_right = 368.0
margin_bottom = 520.0
rect_min_size = Vector2( 368, 168 )
size_flags_horizontal = 4
__meta__ = {
"_editor_description_": ""
}

[node name="HBoxContainer4" type="HBoxContainer" parent="CenterContainer/VBoxContainer/HBoxContainer/VBoxContainer/ScrollContainer/VBoxContainer"]
margin_top = 528.0
margin_right = 368.0
margin_bottom = 696.0
rect_min_size = Vector2( 368, 168 )
size_flags_horizontal = 4
__meta__ = {
"_editor_description_": ""
}

[node name="HBoxContainer5" type="HBoxContainer" parent="CenterContainer/VBoxContainer/HBoxContainer/VBoxContainer/ScrollContainer/VBoxContainer"]
margin_top = 704.0
margin_right = 368.0
margin_bottom = 872.0
rect_min_size = Vector2( 368, 168 )
size_flags_horizontal = 4
__meta__ = {
"_editor_description_": ""
}

[node name="HBoxContainer6" type="HBoxContainer" parent="CenterContainer/VBoxContainer/HBoxContainer/VBoxContainer/ScrollContainer/VBoxContainer"]
margin_top = 880.0
margin_right = 368.0
margin_bottom = 1048.0
rect_min_size = Vector2( 368, 168 )
size_flags_horizontal = 4
__meta__ = {
"_editor_description_": ""
}

[node name="HBoxContainer7" type="HBoxContainer" parent="CenterContainer/VBoxContainer/HBoxContainer/VBoxContainer/ScrollContainer/VBoxContainer"]
margin_top = 1056.0
margin_right = 368.0
margin_bottom = 1224.0
rect_min_size = Vector2( 368, 168 )
size_flags_horizontal = 4
__meta__ = {
"_editor_description_": ""
}

[node name="HBoxContainer8" type="HBoxContainer" parent="CenterContainer/VBoxContainer/HBoxContainer/VBoxContainer/ScrollContainer/VBoxContainer"]
margin_top = 1232.0
margin_right = 368.0
margin_bottom = 1400.0
rect_min_size = Vector2( 368, 168 )
size_flags_horizontal = 4
__meta__ = {
"_editor_description_": ""
}

[node name="HBoxContainer9" type="HBoxContainer" parent="CenterContainer/VBoxContainer/HBoxContainer/VBoxContainer/ScrollContainer/VBoxContainer"]
margin_top = 1408.0
margin_right = 368.0
margin_bottom = 1576.0
rect_min_size = Vector2( 368, 168 )
size_flags_horizontal = 4
__meta__ = {
"_editor_description_": ""
}

[node name="HBoxContainer10" type="HBoxContainer" parent="CenterContainer/VBoxContainer/HBoxContainer/VBoxContainer/ScrollContainer/VBoxContainer"]
margin_top = 1584.0
margin_right = 368.0
margin_bottom = 1752.0
rect_min_size = Vector2( 368, 168 )
size_flags_horizontal = 4
__meta__ = {
"_editor_description_": ""
}

[node name="HBoxContainer11" type="HBoxContainer" parent="CenterContainer/VBoxContainer/HBoxContainer/VBoxContainer/ScrollContainer/VBoxContainer"]
margin_top = 1760.0
margin_right = 368.0
margin_bottom = 1928.0
rect_min_size = Vector2( 368, 168 )
size_flags_horizontal = 4
__meta__ = {
"_editor_description_": ""
}

[node name="HBoxContainer12" type="HBoxContainer" parent="CenterContainer/VBoxContainer/HBoxContainer/VBoxContainer/ScrollContainer/VBoxContainer"]
margin_top = 1936.0
margin_right = 368.0
margin_bottom = 2104.0
rect_min_size = Vector2( 368, 168 )
size_flags_horizontal = 4
__meta__ = {
"_editor_description_": ""
}

[node name="HBoxContainer13" type="HBoxContainer" parent="CenterContainer/VBoxContainer/HBoxContainer/VBoxContainer/ScrollContainer/VBoxContainer"]
margin_top = 2112.0
margin_right = 368.0
margin_bottom = 2280.0
rect_min_size = Vector2( 368, 168 )
size_flags_horizontal = 4
__meta__ = {
"_editor_description_": ""
}

[node name="HBoxContainer14" type="HBoxContainer" parent="CenterContainer/VBoxContainer/HBoxContainer/VBoxContainer/ScrollContainer/VBoxContainer"]
margin_top = 2288.0
margin_right = 368.0
margin_bottom = 2456.0
rect_min_size = Vector2( 368, 168 )
size_flags_horizontal = 4
__meta__ = {
"_editor_description_": ""
}

[node name="HBoxContainer15" type="HBoxContainer" parent="CenterContainer/VBoxContainer/HBoxContainer/VBoxContainer/ScrollContainer/VBoxContainer"]
margin_top = 2464.0
margin_right = 368.0
margin_bottom = 2632.0
rect_min_size = Vector2( 368, 168 )
size_flags_horizontal = 4
__meta__ = {
"_editor_description_": ""
}

[node name="VBoxContainer2" type="VBoxContainer" parent="CenterContainer/VBoxContainer/HBoxContainer"]
margin_left = 392.0
margin_right = 538.0
margin_bottom = 644.0
rect_min_size = Vector2( 146, 644 )
size_flags_horizontal = 4
size_flags_vertical = 0

[node name="TeamNoTitle" type="Label" parent="CenterContainer/VBoxContainer/HBoxContainer/VBoxContainer2"]
margin_right = 146.0
margin_bottom = 60.0
rect_min_size = Vector2( 146, 60 )
text = "Team #"
align = 1
valign = 1
__meta__ = {
"_edit_use_anchors_": false
}

[node name="VBoxContainer" type="VBoxContainer" parent="CenterContainer/VBoxContainer/HBoxContainer/VBoxContainer2"]
margin_left = 13.0
margin_top = 68.0
margin_right = 133.0
margin_bottom = 644.0
rect_min_size = Vector2( 120, 576 )
size_flags_horizontal = 4
size_flags_vertical = 4
__meta__ = {
"_edit_use_anchors_": false
}

[node name="Team1" type="Button" parent="CenterContainer/VBoxContainer/HBoxContainer/VBoxContainer2/VBoxContainer"]
margin_right = 120.0
margin_bottom = 65.0
rect_min_size = Vector2( 120, 65 )
size_flags_horizontal = 4
size_flags_vertical = 4
text = "1"

[node name="Team2" type="Button" parent="CenterContainer/VBoxContainer/HBoxContainer/VBoxContainer2/VBoxContainer"]
margin_top = 73.0
margin_right = 120.0
margin_bottom = 138.0
rect_min_size = Vector2( 120, 65 )
size_flags_horizontal = 4
size_flags_vertical = 4
text = "2"
__meta__ = {
"_edit_use_anchors_": false
}

[node name="Team3" type="Button" parent="CenterContainer/VBoxContainer/HBoxContainer/VBoxContainer2/VBoxContainer"]
margin_top = 146.0
margin_right = 120.0
margin_bottom = 211.0
rect_min_size = Vector2( 120, 65 )
size_flags_horizontal = 4
size_flags_vertical = 4
text = "3"
__meta__ = {
"_edit_use_anchors_": false
}

[node name="Team4" type="Button" parent="CenterContainer/VBoxContainer/HBoxContainer/VBoxContainer2/VBoxContainer"]
margin_top = 219.0
margin_right = 120.0
margin_bottom = 284.0
rect_min_size = Vector2( 120, 65 )
size_flags_horizontal = 4
size_flags_vertical = 4
text = "4"
__meta__ = {
"_edit_use_anchors_": false
}

[node name="Team5" type="Button" parent="CenterContainer/VBoxContainer/HBoxContainer/VBoxContainer2/VBoxContainer"]
margin_top = 292.0
margin_right = 120.0
margin_bottom = 357.0
rect_min_size = Vector2( 120, 65 )
size_flags_horizontal = 4
size_flags_vertical = 4
text = "5"
__meta__ = {
"_edit_use_anchors_": false
}

[node name="Team6" type="Button" parent="CenterContainer/VBoxContainer/HBoxContainer/VBoxContainer2/VBoxContainer"]
margin_top = 365.0
margin_right = 120.0
margin_bottom = 430.0
rect_min_size = Vector2( 120, 65 )
size_flags_horizontal = 4
size_flags_vertical = 4
text = "6"
__meta__ = {
"_edit_use_anchors_": false
}

[node name="Team7" type="Button" parent="CenterContainer/VBoxContainer/HBoxContainer/VBoxContainer2/VBoxContainer"]
margin_top = 438.0
margin_right = 120.0
margin_bottom = 503.0
rect_min_size = Vector2( 120, 65 )
size_flags_horizontal = 4
size_flags_vertical = 4
text = "7"
__meta__ = {
"_edit_use_anchors_": false
}

[node name="Team8" type="Button" parent="CenterContainer/VBoxContainer/HBoxContainer/VBoxContainer2/VBoxContainer"]
margin_top = 511.0
margin_right = 120.0
margin_bottom = 576.0
rect_min_size = Vector2( 120, 65 )
size_flags_horizontal = 4
size_flags_vertical = 4
text = "8"
__meta__ = {
"_edit_use_anchors_": false
}

[node name="HBoxContainer2" type="HBoxContainer" parent="CenterContainer/VBoxContainer"]
margin_top = 681.0
margin_right = 540.0
margin_bottom = 761.0
size_flags_vertical = 6

[node name="Back" type="Button" parent="CenterContainer/VBoxContainer/HBoxContainer2"]
margin_left = 44.0
margin_right = 224.0
margin_bottom = 80.0
rect_min_size = Vector2( 180, 80 )
size_flags_horizontal = 6
size_flags_vertical = 4
text = "Back"

[node name="Join" type="Button" parent="CenterContainer/VBoxContainer/HBoxContainer2"]
margin_left = 316.0
margin_right = 496.0
margin_bottom = 80.0
rect_min_size = Vector2( 180, 80 )
size_flags_horizontal = 6
size_flags_vertical = 4
text = "Join"
