[gd_scene load_steps=5 format=2]

[ext_resource path="res://assets/images/logos/Freecoil_Logo_black_big.jpg" type="Texture" id=1]
[ext_resource path="res://scenes/Global/TitleLabel.tscn" type="PackedScene" id=2]
[ext_resource path="res://assets/themes/tempRecoil.tres" type="Theme" id=3]

[sub_resource type="GDScript" id=1]
script/source = "extends Button


# Declare member variables here. Examples:
# var a = 2
# var b = \"text\"


# Called when the node enters the scene tree for the first time.
func _ready():
    pass # Replace with function body.


# Called every frame. 'delta' is the elapsed time since the previous frame.
#func _process(delta):
#    pass


func _on_Permission_pressed():
    PM.FreecoiLInterface.request_fine_access_permission()
"

[node name="LocationPermission" type="ReferenceRect"]
margin_left = 1620.0
margin_top = 960.0
margin_right = 2160.0
margin_bottom = 1920.0
rect_min_size = Vector2( 540, 960 )
theme = ExtResource( 3 )
__meta__ = {
"_edit_use_anchors_": false,
"_editor_description_": "3,1"
}

[node name="CenterContainer" type="CenterContainer" parent="."]
margin_top = 180.0
margin_right = 540.0
margin_bottom = 880.0
rect_min_size = Vector2( 540, 700 )
__meta__ = {
"_edit_use_anchors_": false
}

[node name="VBoxContainer" type="VBoxContainer" parent="CenterContainer"]
margin_right = 540.0
margin_bottom = 700.0
rect_min_size = Vector2( 540, 700 )
custom_constants/separation = 30

[node name="FreecoilLogo" type="NinePatchRect" parent="CenterContainer/VBoxContainer"]
margin_right = 540.0
margin_bottom = 95.0
size_flags_stretch_ratio = 5.52
texture = ExtResource( 1 )
patch_margin_top = 95

[node name="VBoxContainer2" type="VBoxContainer" parent="CenterContainer/VBoxContainer"]
margin_top = 125.0
margin_right = 540.0
margin_bottom = 665.0
rect_min_size = Vector2( 540, 540 )
__meta__ = {
"_edit_use_anchors_": false
}

[node name="VBoxContainer" parent="CenterContainer/VBoxContainer/VBoxContainer2" instance=ExtResource( 2 )]
margin_bottom = 135.0

[node name="TitleLabel" parent="CenterContainer/VBoxContainer/VBoxContainer2/VBoxContainer" index="0"]
margin_bottom = 117.0
text = "Location Permissions"

[node name="TextureRect" parent="CenterContainer/VBoxContainer/VBoxContainer2/VBoxContainer/TitleLabel" index="0"]
rect_min_size = Vector2( 540, 117 )

[node name="HSeparator" parent="CenterContainer/VBoxContainer/VBoxContainer2/VBoxContainer" index="1"]
margin_top = 125.0
margin_bottom = 135.0

[node name="HBoxContainer" type="HBoxContainer" parent="CenterContainer/VBoxContainer/VBoxContainer2"]
margin_top = 143.0
margin_right = 540.0
margin_bottom = 357.0
rect_min_size = Vector2( 540, 200 )
alignment = 1

[node name="PermissionText" type="Label" parent="CenterContainer/VBoxContainer/VBoxContainer2/HBoxContainer"]
margin_right = 540.0
margin_bottom = 214.0
rect_min_size = Vector2( 540, 0 )
text = "FreecoiL requires Coarse Location Permissions for Bluetooth and Fine Location Permissions for GPS. But on Android these 2 permissions are bundled and Bluetooth and these permissions are critical to the application. It only needs these permissions \"while using the app\"."
align = 1
autowrap = true
__meta__ = {
"_editor_description_": ""
}

[node name="Permission" type="Button" parent="CenterContainer/VBoxContainer/VBoxContainer2"]
margin_top = 365.0
margin_right = 540.0
margin_bottom = 445.0
rect_min_size = Vector2( 540, 80 )
theme = ExtResource( 3 )
text = "Click to Request Permission"
script = SubResource( 1 )

[connection signal="pressed" from="CenterContainer/VBoxContainer/VBoxContainer2/Permission" to="CenterContainer/VBoxContainer/VBoxContainer2/Permission" method="_on_Permission_pressed" flags=3]

[editable path="CenterContainer/VBoxContainer/VBoxContainer2/VBoxContainer"]
