[gd_scene load_steps=3 format=2]

[ext_resource path="res://scenes/Global/TitleLabel.tscn" type="PackedScene" id=1]
[ext_resource path="res://assets/themes/tempRecoil.tres" type="Theme" id=2]

[node name="PreGameLobbyHidden" type="ReferenceRect"]
margin_left = 1080.0
margin_top = 1920.0
margin_right = 1620.0
margin_bottom = 2880.0
rect_min_size = Vector2( 540, 960 )
theme = ExtResource( 2 )
__meta__ = {
"_edit_use_anchors_": false,
"_editor_description_": "2,2"
}

[node name="CenterContainer" type="CenterContainer" parent="."]
margin_top = 170.0
margin_right = 540.0
margin_bottom = 960.0
rect_min_size = Vector2( 540, 790 )
__meta__ = {
"_edit_use_anchors_": false,
"_editor_description_": ""
}

[node name="VBoxContainer" type="VBoxContainer" parent="CenterContainer"]
margin_right = 540.0
margin_bottom = 790.0
rect_min_size = Vector2( 540, 790 )

[node name="VBoxContainer" parent="CenterContainer/VBoxContainer" instance=ExtResource( 1 )]
margin_bottom = 135.0

[node name="TitleLabel" parent="CenterContainer/VBoxContainer/VBoxContainer" index="0"]
margin_bottom = 117.0
text = "PreGame Lobby
Hidden Games"

[node name="TextureRect" parent="CenterContainer/VBoxContainer/VBoxContainer/TitleLabel" index="0"]
rect_min_size = Vector2( 540, 117 )

[node name="HSeparator" parent="CenterContainer/VBoxContainer/VBoxContainer" index="1"]
margin_top = 125.0
margin_bottom = 135.0

[node name="SearchGames" type="Button" parent="CenterContainer/VBoxContainer"]
margin_left = 90.0
margin_top = 143.0
margin_right = 450.0
margin_bottom = 223.0
rect_min_size = Vector2( 360, 80 )
size_flags_horizontal = 4
text = "Search Available Games"

[node name="ScrollContainer2" type="ScrollContainer" parent="CenterContainer/VBoxContainer"]
margin_top = 231.0
margin_right = 540.0
margin_bottom = 651.0
rect_min_size = Vector2( 520, 420 )
size_flags_horizontal = 4
scroll_horizontal_enabled = false

[node name="VBoxContainer" type="VBoxContainer" parent="CenterContainer/VBoxContainer/ScrollContainer2"]
margin_right = 528.0
margin_bottom = 800.0
rect_min_size = Vector2( 528, 800 )
size_flags_horizontal = 4

[node name="HBoxContainer" type="HBoxContainer" parent="CenterContainer/VBoxContainer/ScrollContainer2/VBoxContainer"]
margin_left = 2.0
margin_right = 526.0
margin_bottom = 80.0
size_flags_horizontal = 4

[node name="HostTitle" type="Label" parent="CenterContainer/VBoxContainer/ScrollContainer2/VBoxContainer/HBoxContainer"]
margin_right = 180.0
margin_bottom = 80.0
rect_min_size = Vector2( 180, 80 )
size_flags_horizontal = 3
size_flags_vertical = 2
text = "HOST"
align = 1
valign = 1
uppercase = true
__meta__ = {
"_edit_use_anchors_": false
}

[node name="RequirementsTitle" type="Label" parent="CenterContainer/VBoxContainer/ScrollContainer2/VBoxContainer/HBoxContainer"]
margin_left = 184.0
margin_right = 524.0
margin_bottom = 80.0
rect_min_size = Vector2( 340, 80 )
size_flags_horizontal = 3
size_flags_vertical = 2
text = "GAME
REQUIREMENTS"
align = 1
valign = 1
__meta__ = {
"_edit_use_anchors_": false
}

[node name="HBoxContainer2" type="HBoxContainer" parent="CenterContainer/VBoxContainer/ScrollContainer2/VBoxContainer"]
margin_top = 88.0
margin_right = 528.0
margin_bottom = 168.0

[node name="VBoxContainer" type="VBoxContainer" parent="CenterContainer/VBoxContainer/ScrollContainer2/VBoxContainer/HBoxContainer2"]
margin_right = 184.0
margin_bottom = 80.0
rect_min_size = Vector2( 180, 80 )
size_flags_horizontal = 3

[node name="Game001Host" type="Button" parent="CenterContainer/VBoxContainer/ScrollContainer2/VBoxContainer/HBoxContainer2/VBoxContainer"]
margin_right = 184.0
margin_bottom = 80.0
rect_min_size = Vector2( 180, 80 )
size_flags_horizontal = 3
text = "Host Name1"
clip_text = true

[node name="GridContainer" type="GridContainer" parent="CenterContainer/VBoxContainer/ScrollContainer2/VBoxContainer/HBoxContainer2"]
margin_left = 188.0
margin_right = 528.0
margin_bottom = 80.0
rect_min_size = Vector2( 340, 0 )
size_flags_horizontal = 3
columns = 2

[node name="Game01ReqDesc1" type="Label" parent="CenterContainer/VBoxContainer/ScrollContainer2/VBoxContainer/HBoxContainer2/GridContainer"]
margin_top = 1.0
margin_right = 100.0
margin_bottom = 36.0
rect_min_size = Vector2( 100, 35 )
size_flags_horizontal = 6
size_flags_vertical = 6
text = "GPS"
align = 1
valign = 1
__meta__ = {
"_edit_use_anchors_": false
}

[node name="Game01ReqStatus1" type="Label" parent="CenterContainer/VBoxContainer/ScrollContainer2/VBoxContainer/HBoxContainer2/GridContainer"]
margin_left = 104.0
margin_top = 1.0
margin_right = 340.0
margin_bottom = 36.0
rect_min_size = Vector2( 236, 35 )
size_flags_horizontal = 6
size_flags_vertical = 6
text = "Required"
align = 1
valign = 1
__meta__ = {
"_edit_use_anchors_": false
}

[node name="Game01ReqDesc2" type="Label" parent="CenterContainer/VBoxContainer/ScrollContainer2/VBoxContainer/HBoxContainer2/GridContainer"]
margin_top = 43.0
margin_right = 100.0
margin_bottom = 78.0
rect_min_size = Vector2( 100, 35 )
size_flags_horizontal = 6
size_flags_vertical = 6
text = "Medic"
align = 1
valign = 1
__meta__ = {
"_edit_use_anchors_": false
}

[node name="Game01ReqStatus2" type="Label" parent="CenterContainer/VBoxContainer/ScrollContainer2/VBoxContainer/HBoxContainer2/GridContainer"]
margin_left = 104.0
margin_top = 43.0
margin_right = 340.0
margin_bottom = 78.0
rect_min_size = Vector2( 236, 35 )
size_flags_horizontal = 6
size_flags_vertical = 6
text = "Gun Not Required"
align = 1
valign = 1
__meta__ = {
"_edit_use_anchors_": false
}

[node name="HBoxContainer" type="HBoxContainer" parent="CenterContainer/VBoxContainer"]
margin_top = 659.0
margin_right = 540.0
margin_bottom = 739.0

[node name="Back" type="Button" parent="CenterContainer/VBoxContainer/HBoxContainer"]
margin_left = 44.0
margin_right = 224.0
margin_bottom = 80.0
rect_min_size = Vector2( 180, 80 )
size_flags_horizontal = 6
text = "Back"

[node name="Join" type="Button" parent="CenterContainer/VBoxContainer/HBoxContainer"]
margin_left = 316.0
margin_right = 496.0
margin_bottom = 80.0
rect_min_size = Vector2( 180, 80 )
size_flags_horizontal = 6
text = "Join"

[editable path="CenterContainer/VBoxContainer/VBoxContainer"]
