[gd_scene load_steps=5 format=2]

[ext_resource path="res://scenes/Global/TitleLabel.tscn" type="PackedScene" id=1]
[ext_resource path="res://assets/images/logos/Freecoil_Logo_black_big.jpg" type="Texture" id=2]
[ext_resource path="res://assets/themes/tempRecoil.tres" type="Theme" id=3]

[sub_resource type="GDScript" id=1]
script/source = "extends Button


# Declare member variables here. Examples:
# var a = 2
# var b = \"text\"


# Called when the node enters the scene tree for the first time.
func _ready():
    pass # Replace with function body.


# Called every frame. 'delta' is the elapsed time since the previous frame.
#func _process(delta):
#    pass


func _on_Location_pressed():
    PM.FreecoiLInterface.enable_location()
"

[node name="TurnOnLocation" type="ReferenceRect"]
margin_left = 2700.0
margin_top = 960.0
margin_right = 3240.0
margin_bottom = 1920.0
rect_min_size = Vector2( 540, 960 )
theme = ExtResource( 3 )
__meta__ = {
"_edit_use_anchors_": false,
"_editor_description_": "5,1"
}

[node name="CenterContainer" type="CenterContainer" parent="."]
margin_top = 180.0
margin_right = 540.0
margin_bottom = 880.0
rect_min_size = Vector2( 540, 700 )
__meta__ = {
"_edit_use_anchors_": false,
"_editor_description_": ""
}

[node name="VBoxContainer" type="VBoxContainer" parent="CenterContainer"]
margin_right = 540.0
margin_bottom = 700.0
rect_min_size = Vector2( 540, 700 )
custom_constants/separation = 30
__meta__ = {
"_editor_description_": ""
}

[node name="FreecoilLogo" type="NinePatchRect" parent="CenterContainer/VBoxContainer"]
margin_right = 540.0
margin_bottom = 95.0
size_flags_stretch_ratio = 5.52
texture = ExtResource( 2 )
patch_margin_top = 95
__meta__ = {
"_editor_description_": ""
}

[node name="VBoxContainer2" type="VBoxContainer" parent="CenterContainer/VBoxContainer"]
margin_top = 125.0
margin_right = 540.0
margin_bottom = 665.0
rect_min_size = Vector2( 540, 540 )
__meta__ = {
"_editor_description_": ""
}

[node name="VBoxContainer" parent="CenterContainer/VBoxContainer/VBoxContainer2" instance=ExtResource( 1 )]
margin_bottom = 75.0

[node name="TitleLabel" parent="CenterContainer/VBoxContainer/VBoxContainer2/VBoxContainer" index="0"]
text = "Location"

[node name="HSeparator" parent="CenterContainer/VBoxContainer/VBoxContainer2/VBoxContainer" index="1"]
margin_top = 65.0
margin_bottom = 75.0

[node name="HBoxContainer" type="HBoxContainer" parent="CenterContainer/VBoxContainer/VBoxContainer2"]
margin_top = 83.0
margin_right = 540.0
margin_bottom = 204.0
rect_min_size = Vector2( 540, 0 )
alignment = 1

[node name="LocationText" type="Label" parent="CenterContainer/VBoxContainer/VBoxContainer2/HBoxContainer"]
margin_right = 540.0
margin_bottom = 121.0
rect_min_size = Vector2( 540, 0 )
text = "In order to use GPS and Cellular location, it must be turned on, on your device.
At a minimuim FreecoiL needs GPS for location."
align = 1
autowrap = true

[node name="Location" type="Button" parent="CenterContainer/VBoxContainer/VBoxContainer2"]
margin_top = 212.0
margin_right = 540.0
margin_bottom = 292.0
rect_min_size = Vector2( 0, 80 )
text = "Click to Turn On Location"
script = SubResource( 1 )

[connection signal="pressed" from="CenterContainer/VBoxContainer/VBoxContainer2/Location" to="CenterContainer/VBoxContainer/VBoxContainer2/Location" method="_on_Location_pressed" flags=3]

[editable path="CenterContainer/VBoxContainer/VBoxContainer2/VBoxContainer"]
